%YAML 1.1
%TAG !u! tag:unity3d.com,2011:
--- !u!1 &359682513077012017
GameObject:
  m_ObjectHideFlags: 0
  m_CorrespondingSourceObject: {fileID: 0}
  m_PrefabInstance: {fileID: 0}
  m_PrefabAsset: {fileID: 0}
  serializedVersion: 6
  m_Component:
  - component: {fileID: 2295298356518567435}
  m_Layer: 5
  m_Name: UIStatInfo
  m_TagString: Untagged
  m_Icon: {fileID: 0}
  m_NavMeshLayer: 0
  m_StaticEditorFlags: 0
  m_IsActive: 1
--- !u!224 &2295298356518567435
RectTransform:
  m_ObjectHideFlags: 0
  m_CorrespondingSourceObject: {fileID: 0}
  m_PrefabInstance: {fileID: 0}
  m_PrefabAsset: {fileID: 0}
  m_GameObject: {fileID: 359682513077012017}
  m_LocalRotation: {x: 0, y: 0, z: 0, w: 1}
  m_LocalPosition: {x: 0, y: 0, z: 0}
  m_LocalScale: {x: 1, y: 1, z: 1}
  m_Children:
  - {fileID: 5702122134432530606}
  - {fileID: 8184588275512592896}
  - {fileID: 6003335467030686943}
  - {fileID: 841721178241211944}
  m_Father: {fileID: 0}
  m_RootOrder: 0
  m_LocalEulerAnglesHint: {x: 0, y: 0, z: 0}
  m_AnchorMin: {x: 0.5, y: 0.5}
  m_AnchorMax: {x: 0.5, y: 0.5}
  m_AnchoredPosition: {x: 96.52, y: 0}
  m_SizeDelta: {x: 270, y: 55}
  m_Pivot: {x: 0.5, y: 0.5}
--- !u!1 &1029694284927400278
GameObject:
  m_ObjectHideFlags: 0
  m_CorrespondingSourceObject: {fileID: 0}
  m_PrefabInstance: {fileID: 0}
  m_PrefabAsset: {fileID: 0}
  serializedVersion: 6
  m_Component:
  - component: {fileID: 4157435763181038450}
  - component: {fileID: 1394776863588810293}
  - component: {fileID: 3700934867616094830}
  m_Layer: 5
  m_Name: ImageWPBar
  m_TagString: Untagged
  m_Icon: {fileID: 0}
  m_NavMeshLayer: 0
  m_StaticEditorFlags: 0
  m_IsActive: 1
--- !u!224 &4157435763181038450
RectTransform:
  m_ObjectHideFlags: 0
  m_CorrespondingSourceObject: {fileID: 0}
  m_PrefabInstance: {fileID: 0}
  m_PrefabAsset: {fileID: 0}
  m_GameObject: {fileID: 1029694284927400278}
  m_LocalRotation: {x: -0, y: -0, z: -0, w: 1}
  m_LocalPosition: {x: 0, y: 0, z: 0}
  m_LocalScale: {x: 1, y: 1, z: 1}
  m_Children: []
  m_Father: {fileID: 8184588275512592896}
  m_RootOrder: 0
  m_LocalEulerAnglesHint: {x: 0, y: 0, z: 0}
  m_AnchorMin: {x: 0, y: 1}
  m_AnchorMax: {x: 0, y: 1}
  m_AnchoredPosition: {x: 0, y: 0}
  m_SizeDelta: {x: 206, y: 9}
  m_Pivot: {x: 0, y: 1}
--- !u!222 &1394776863588810293
CanvasRenderer:
  m_ObjectHideFlags: 0
  m_CorrespondingSourceObject: {fileID: 0}
  m_PrefabInstance: {fileID: 0}
  m_PrefabAsset: {fileID: 0}
  m_GameObject: {fileID: 1029694284927400278}
  m_CullTransparentMesh: 1
--- !u!114 &3700934867616094830
MonoBehaviour:
  m_ObjectHideFlags: 0
  m_CorrespondingSourceObject: {fileID: 0}
  m_PrefabInstance: {fileID: 0}
  m_PrefabAsset: {fileID: 0}
  m_GameObject: {fileID: 1029694284927400278}
  m_Enabled: 1
  m_EditorHideFlags: 0
  m_Script: {fileID: 11500000, guid: fe87c0e1cc204ed48ad3b37840f39efc, type: 3}
  m_Name: 
  m_EditorClassIdentifier: 
  m_Material: {fileID: 0}
  m_Color: {r: 0.7686275, g: 0.29411766, b: 0.86666673, a: 1}
  m_RaycastTarget: 1
  m_RaycastPadding: {x: 0, y: 0, z: 0, w: 0}
  m_Maskable: 1
  m_OnCullStateChanged:
    m_PersistentCalls:
      m_Calls: []
  m_Sprite: {fileID: 5498516589663931471, guid: 377bb91b4b5816d44a2b7b727bb49d67, type: 3}
  m_Type: 1
  m_PreserveAspect: 0
  m_FillCenter: 1
  m_FillMethod: 4
  m_FillAmount: 1
  m_FillClockwise: 1
  m_FillOrigin: 0
  m_UseSpriteMesh: 0
  m_PixelsPerUnitMultiplier: 1
--- !u!1 &3387499602098684868
GameObject:
  m_ObjectHideFlags: 0
  m_CorrespondingSourceObject: {fileID: 0}
  m_PrefabInstance: {fileID: 0}
  m_PrefabAsset: {fileID: 0}
  serializedVersion: 6
  m_Component:
  - component: {fileID: 868682322294337791}
  - component: {fileID: 9093627225818167298}
  - component: {fileID: 2568986612722327134}
  m_Layer: 5
  m_Name: TextGradeLetter
  m_TagString: Untagged
  m_Icon: {fileID: 0}
  m_NavMeshLayer: 0
  m_StaticEditorFlags: 0
  m_IsActive: 1
--- !u!224 &868682322294337791
RectTransform:
  m_ObjectHideFlags: 0
  m_CorrespondingSourceObject: {fileID: 0}
  m_PrefabInstance: {fileID: 0}
  m_PrefabAsset: {fileID: 0}
  m_GameObject: {fileID: 3387499602098684868}
  m_LocalRotation: {x: 0, y: 0, z: 0, w: 1}
  m_LocalPosition: {x: 0, y: 0, z: 0}
  m_LocalScale: {x: 1, y: 1, z: 1}
  m_Children: []
  m_Father: {fileID: 5702122134432530606}
  m_RootOrder: 0
  m_LocalEulerAnglesHint: {x: 0, y: 0, z: 0}
  m_AnchorMin: {x: 0.5, y: 0.5}
  m_AnchorMax: {x: 0.5, y: 0.5}
  m_AnchoredPosition: {x: 0, y: 0}
  m_SizeDelta: {x: 60, y: 60}
  m_Pivot: {x: 0.5, y: 0.5}
--- !u!114 &9093627225818167298
MonoBehaviour:
  m_ObjectHideFlags: 0
  m_CorrespondingSourceObject: {fileID: 0}
  m_PrefabInstance: {fileID: 0}
  m_PrefabAsset: {fileID: 0}
  m_GameObject: {fileID: 3387499602098684868}
  m_Enabled: 1
  m_EditorHideFlags: 0
  m_Script: {fileID: 11500000, guid: 0ffcfb6d0266347848bf69a03919f483, type: 3}
  m_Name: 
  m_EditorClassIdentifier: 
  showTextFoldout: 1
  showAppearanceFoldout: 1
  showMaterialFoldout: 1
  showPositionFoldout: 1
  showTimingFoldout: 1
  showFunctionalityFoldout: 0
  showAudioFoldout: 0
  showEventFoldout: 0
  showBetaFoldout: 0
  info:
  - pos: {x: -13.5, y: -30.000004, z: 0}
    offset: {x: 0, y: 0, z: 0}
    isEndOfParagraph: 0
    readTime: 0
    unreadTime: 0
    line: 0
    rawIndex: 0
    indent: 0
    drawAnimData: {fileID: 11400000, guid: 79b3a58975db94dc0878c84bf4315875, type: 2}
    size: {x: 50, y: 50}
    alignment: 1
    drawOrder: 0
    ev: []
    ev2: []
    colorData: {fileID: 0}
    gradientData: {fileID: 0}
    textureData: {fileID: 0}
    delayData: {fileID: 0}
    waveData: {fileID: 0}
    jitterData: {fileID: 0}
    readDelay: 0.025
    audioClipData: {fileID: 0}
    stopPreviousSound: 1
    pitchMode: 0
    overridePitch: 1
    minPitch: 0.9
    maxPitch: 1.2
    speedReadPitch: 0
    fontData: {fileID: 0}
    quadData: {fileID: 0}
    isQuad: 0
    quadIndex: -1
    materialData: {fileID: 0}
    soundClipData: {fileID: 0}
    IdxIdentifier: 0
    InfoInUse: 0
    chSize: 50
    submeshChange: 0
    invoked: 1
  _text: S
  drawText: S
  hyphenedText: S
  font: {fileID: 12800000, guid: d578816fccbb8b343aa0de059603be01, type: 3}
  _color32:
    serializedVersion: 2
    rgba: 4294967295
  _color: {r: 0, g: 0, b: 0, a: 1}
  forceAnimation: 0
  richText: 1
  readDelay: 0.025
  speedReadScale: 2
  ignoreTimeScale: 1
  disableAnimatedText: 0
  drawAnimName: Appear
  unreadDelay: 0.05
  undrawOrder: 1
  undrawAnimName: Appear
  audioSource: {fileID: 0}
  audioClips: []
  stopPreviousSound: 1
  pitchMode: 0
  overridePitch: 1
  minPitch: 0.9
  maxPitch: 1.2
  speedReadPitch: 0
  perlinPitchMulti: 1
  reading: 0
  unreading: 0
  size: 50
  bestFitMulti: 1
  quality: 50
  filterMode: 1
  maskMode: 0
  style: 0
  baseOffset: {x: 0, y: 4, z: 0}
  relativeBaseOffset: 0
  lineSpacing: 1.2
  characterSpacing: 0
  tabSize: 4
  autoWrap: 12
  uiWrap: 1
  uiLimit: 1
  breakText: 0
  insertHyphens: 0
  anchor: 3
  alignment: 1
  verticalLimit: 0
  verticalLimitMode: 2
  leftoverText: 
  textMaterial: {fileID: 2100000, guid: c83b40e4fe9ad9b4fbb08779eb8dee87, type: 2}
  textMesh: {fileID: 0}
  rawTopLeftBounds: {x: 30, y: -30, z: 0}
  rawBottomRightBounds: {x: -30, y: 30, z: 0}
  rawBottomRightTextBounds: {x: 27, y: -60.000004, z: 0}
  topLeftBounds: {x: -12.760417, y: -3.1145835, z: 90}
  topRightBounds: {x: -11.510417, y: -3.1145835, z: 90}
  bottomLeftBounds: {x: -12.760417, y: -4.3645835, z: 90}
  bottomRightBounds: {x: -11.510417, y: -4.3645835, z: 90}
  centerBounds: {x: -12.135417, y: -3.7395835, z: 90}
  topLeftTextBounds: {x: -12.416667, y: -3.1145835, z: 90}
  topRightTextBounds: {x: -11.854167, y: -3.1145835, z: 90}
  bottomLeftTextBounds: {x: -12.416667, y: -4.3645835, z: 90}
  bottomRightTextBounds: {x: -11.854167, y: -4.3645835, z: 90}
  centerTextBounds: {x: -12.135417, y: -3.7395835, z: 0}
  finalTopLeftTextBounds: {x: -12.416667, y: -3.1145835, z: 90}
  finalTopRightTextBounds: {x: -11.854167, y: -3.1145835, z: 90}
  finalBottomLeftTextBounds: {x: -12.416667, y: -4.3645835, z: 90}
  finalBottomRightTextBounds: {x: -11.854167, y: -4.3645835, z: 90}
  finalCenterTextBounds: {x: -12.135417, y: -3.7395835, z: 0}
  unwrappedBottomRightTextBounds: {x: 27, y: -60.000004, z: 0}
  onCompleteEvent:
    m_PersistentCalls:
      m_Calls: []
  onUndrawnEvent:
    m_PersistentCalls:
      m_Calls: []
  onRebuildEvent:
    m_PersistentCalls:
      m_Calls: []
  onPrintEvent:
    m_PersistentCalls:
      m_Calls: []
  onCustomEvent:
    m_PersistentCalls:
      m_Calls: []
  onVertexMod:
    m_PersistentCalls:
      m_Calls: []
  onPreParse:
    m_PersistentCalls:
      m_Calls: []
  debugMode: 0
  totalReadTime: 0.00001
  totalUnreadTime: 0.00001
  currentReadTime: 0.00001
  autoRead: 0
  rememberReadPosition: 1
  autoQuality: 1
  drawOrder: 0
  rtl: 0
  _fade: 1
  bestFit: 0
  latestNumber: 0
  currentUnReadTime: 0
  preParsedText: S
--- !u!222 &2568986612722327134
CanvasRenderer:
  m_ObjectHideFlags: 0
  m_CorrespondingSourceObject: {fileID: 0}
  m_PrefabInstance: {fileID: 0}
  m_PrefabAsset: {fileID: 0}
  m_GameObject: {fileID: 3387499602098684868}
  m_CullTransparentMesh: 1
--- !u!1 &3946130413216863015
GameObject:
  m_ObjectHideFlags: 0
  m_CorrespondingSourceObject: {fileID: 0}
  m_PrefabInstance: {fileID: 0}
  m_PrefabAsset: {fileID: 0}
  serializedVersion: 6
  m_Component:
  - component: {fileID: 6003335467030686943}
  - component: {fileID: 790881184875758599}
  - component: {fileID: 8831417016219272397}
  m_Layer: 5
  m_Name: TextStatName
  m_TagString: Untagged
  m_Icon: {fileID: 0}
  m_NavMeshLayer: 0
  m_StaticEditorFlags: 0
  m_IsActive: 1
--- !u!224 &6003335467030686943
RectTransform:
  m_ObjectHideFlags: 0
  m_CorrespondingSourceObject: {fileID: 0}
  m_PrefabInstance: {fileID: 0}
  m_PrefabAsset: {fileID: 0}
  m_GameObject: {fileID: 3946130413216863015}
  m_LocalRotation: {x: 0, y: 0, z: 0, w: 1}
  m_LocalPosition: {x: 0, y: 0, z: 0}
  m_LocalScale: {x: 1, y: 1, z: 1}
  m_Children: []
  m_Father: {fileID: 2295298356518567435}
  m_RootOrder: 2
  m_LocalEulerAnglesHint: {x: 0, y: 0, z: 0}
  m_AnchorMin: {x: 0, y: 1}
  m_AnchorMax: {x: 0, y: 1}
  m_AnchoredPosition: {x: 64.00001, y: 0}
  m_SizeDelta: {x: 130, y: 30}
  m_Pivot: {x: 0, y: 1}
--- !u!114 &790881184875758599
MonoBehaviour:
  m_ObjectHideFlags: 0
  m_CorrespondingSourceObject: {fileID: 0}
  m_PrefabInstance: {fileID: 0}
  m_PrefabAsset: {fileID: 0}
  m_GameObject: {fileID: 3946130413216863015}
  m_Enabled: 1
  m_EditorHideFlags: 0
  m_Script: {fileID: 11500000, guid: 0ffcfb6d0266347848bf69a03919f483, type: 3}
  m_Name: 
  m_EditorClassIdentifier: 
  showTextFoldout: 1
  showAppearanceFoldout: 1
  showMaterialFoldout: 1
  showPositionFoldout: 1
  showTimingFoldout: 1
  showFunctionalityFoldout: 0
  showAudioFoldout: 0
  showEventFoldout: 0
  showBetaFoldout: 0
  info:
  - pos: {x: 0, y: -36, z: 0}
    offset: {x: 0, y: 0, z: 0}
    isEndOfParagraph: 0
    readTime: 0
    unreadTime: 0
    line: 0
    rawIndex: 0
    indent: 0
    drawAnimData: {fileID: 11400000, guid: 79b3a58975db94dc0878c84bf4315875, type: 2}
    size: {x: 30, y: 30}
    alignment: 0
    drawOrder: 0
    ev: []
    ev2: []
    colorData: {fileID: 0}
    gradientData: {fileID: 0}
    textureData: {fileID: 0}
    delayData: {fileID: 0}
    waveData: {fileID: 0}
    jitterData: {fileID: 0}
    readDelay: 0.025
    audioClipData: {fileID: 0}
    stopPreviousSound: 1
    pitchMode: 0
    overridePitch: 1
    minPitch: 0.9
    maxPitch: 1.2
    speedReadPitch: 0
    fontData: {fileID: 0}
    quadData: {fileID: 0}
    isQuad: 0
    quadIndex: -1
    materialData: {fileID: 0}
    soundClipData: {fileID: 0}
    IdxIdentifier: 0
    InfoInUse: 0
    chSize: 30
    submeshChange: 0
    invoked: 1
  - pos: {x: 16, y: -36, z: 0}
    offset: {x: 0, y: 0, z: 0}
    isEndOfParagraph: 0
    readTime: 0.025
    unreadTime: 0
    line: 0
    rawIndex: 0
    indent: 0
    drawAnimData: {fileID: 11400000, guid: 79b3a58975db94dc0878c84bf4315875, type: 2}
    size: {x: 30, y: 30}
    alignment: 0
    drawOrder: 0
    ev: []
    ev2: []
    colorData: {fileID: 0}
    gradientData: {fileID: 0}
    textureData: {fileID: 0}
    delayData: {fileID: 0}
    waveData: {fileID: 0}
    jitterData: {fileID: 0}
    readDelay: 0.025
    audioClipData: {fileID: 0}
    stopPreviousSound: 1
    pitchMode: 0
    overridePitch: 1
    minPitch: 0.9
    maxPitch: 1.2
    speedReadPitch: 0
    fontData: {fileID: 0}
    quadData: {fileID: 0}
    isQuad: 0
    quadIndex: -1
    materialData: {fileID: 0}
    soundClipData: {fileID: 0}
    IdxIdentifier: 0
    InfoInUse: 0
    chSize: 30
    submeshChange: 0
    invoked: 1
  - pos: {x: 27, y: -36, z: 0}
    offset: {x: 0, y: 0, z: 0}
    isEndOfParagraph: 0
    readTime: 0.05
    unreadTime: 0
    line: 0
    rawIndex: 1
    indent: 0
    drawAnimData: {fileID: 11400000, guid: 79b3a58975db94dc0878c84bf4315875, type: 2}
    size: {x: 30, y: 30}
    alignment: 0
    drawOrder: 0
    ev: []
    ev2: []
    colorData: {fileID: 0}
    gradientData: {fileID: 0}
    textureData: {fileID: 0}
    delayData: {fileID: 0}
    waveData: {fileID: 0}
    jitterData: {fileID: 0}
    readDelay: 0.025
    audioClipData: {fileID: 0}
    stopPreviousSound: 1
    pitchMode: 0
    overridePitch: 1
    minPitch: 0.9
    maxPitch: 1.2
    speedReadPitch: 0
    fontData: {fileID: 0}
    quadData: {fileID: 0}
    isQuad: 0
    quadIndex: -1
    materialData: {fileID: 0}
    soundClipData: {fileID: 0}
    IdxIdentifier: 0
    InfoInUse: 0
    chSize: 30
    submeshChange: 0
    invoked: 1
  - pos: {x: 42, y: -36, z: 0}
    offset: {x: 0, y: 0, z: 0}
    isEndOfParagraph: 0
    readTime: 0.075
    unreadTime: 0
    line: 0
    rawIndex: 2
    indent: 0
    drawAnimData: {fileID: 11400000, guid: 79b3a58975db94dc0878c84bf4315875, type: 2}
    size: {x: 30, y: 30}
    alignment: 0
    drawOrder: 0
    ev: []
    ev2: []
    colorData: {fileID: 0}
    gradientData: {fileID: 0}
    textureData: {fileID: 0}
    delayData: {fileID: 0}
    waveData: {fileID: 0}
    jitterData: {fileID: 0}
    readDelay: 0.025
    audioClipData: {fileID: 0}
    stopPreviousSound: 1
    pitchMode: 0
    overridePitch: 1
    minPitch: 0.9
    maxPitch: 1.2
    speedReadPitch: 0
    fontData: {fileID: 0}
    quadData: {fileID: 0}
    isQuad: 0
    quadIndex: -1
    materialData: {fileID: 0}
    soundClipData: {fileID: 0}
    IdxIdentifier: 0
    InfoInUse: 0
    chSize: 30
    submeshChange: 0
    invoked: 1
  _text: Stat
  drawText: Stat
  hyphenedText: Stat
  font: {fileID: 12800000, guid: 85a416cf1370773498097b054689a0c9, type: 3}
  _color32:
    serializedVersion: 2
    rgba: 4294967295
  _color: {r: 0.3372549, g: 0.18039216, b: 0.09019608, a: 1}
  forceAnimation: 0
  richText: 1
  readDelay: 0.025
  speedReadScale: 2
  ignoreTimeScale: 1
  disableAnimatedText: 0
  drawAnimName: Appear
  unreadDelay: 0.05
  undrawOrder: 1
  undrawAnimName: Appear
  audioSource: {fileID: 0}
  audioClips: []
  stopPreviousSound: 1
  pitchMode: 0
  overridePitch: 1
  minPitch: 0.9
  maxPitch: 1.2
  speedReadPitch: 0
  perlinPitchMulti: 1
  reading: 0
  unreading: 0
  size: 30
  bestFitMulti: 1
  quality: 30
  filterMode: 1
  maskMode: 0
  style: 0
  baseOffset: {x: 0, y: 4, z: 0}
  relativeBaseOffset: 0
  lineSpacing: 1.2
  characterSpacing: 0
  tabSize: 4
  autoWrap: 12
  uiWrap: 1
  uiLimit: 1
  breakText: 0
  insertHyphens: 0
  anchor: 0
  alignment: 0
  verticalLimit: 0
  verticalLimitMode: 2
  leftoverText: 
  textMaterial: {fileID: 2100000, guid: e490a80c3724140c0ad176edb075a09e, type: 2}
  textMesh: {fileID: 0}
  rawTopLeftBounds: {x: 0, y: 0, z: 0}
  rawBottomRightBounds: {x: -130, y: 30, z: 0}
  rawBottomRightTextBounds: {x: 53, y: -36, z: 0}
  topLeftBounds: {x: -11.375, y: -3.166667, z: 90}
  topRightBounds: {x: -8.666666, y: -3.166667, z: 90}
  bottomLeftBounds: {x: -11.375, y: -3.791667, z: 90}
  bottomRightBounds: {x: -8.666666, y: -3.791667, z: 90}
  centerBounds: {x: -10.020833, y: -3.479167, z: 90}
  topLeftTextBounds: {x: -11.375, y: -3.166667, z: 90}
  topRightTextBounds: {x: -10.270833, y: -3.166667, z: 90}
  bottomLeftTextBounds: {x: -11.375, y: -3.916667, z: 90}
  bottomRightTextBounds: {x: -10.270833, y: -3.916667, z: 90}
  centerTextBounds: {x: -10.822916, y: -3.541667, z: 0}
  finalTopLeftTextBounds: {x: -11.375, y: -3.166667, z: 90}
  finalTopRightTextBounds: {x: -10.270833, y: -3.166667, z: 90}
  finalBottomLeftTextBounds: {x: -11.375, y: -3.916667, z: 90}
  finalBottomRightTextBounds: {x: -10.270833, y: -3.916667, z: 90}
  finalCenterTextBounds: {x: -10.822916, y: -3.541667, z: 0}
  unwrappedBottomRightTextBounds: {x: 53, y: -36, z: 0}
  onCompleteEvent:
    m_PersistentCalls:
      m_Calls: []
  onUndrawnEvent:
    m_PersistentCalls:
      m_Calls: []
  onRebuildEvent:
    m_PersistentCalls:
      m_Calls: []
  onPrintEvent:
    m_PersistentCalls:
      m_Calls: []
  onCustomEvent:
    m_PersistentCalls:
      m_Calls: []
  onVertexMod:
    m_PersistentCalls:
      m_Calls: []
  onPreParse:
    m_PersistentCalls:
      m_Calls: []
  debugMode: 0
  totalReadTime: 0.07501
  totalUnreadTime: 0.00001
  currentReadTime: 0.07501
  autoRead: 0
  rememberReadPosition: 1
  autoQuality: 1
  drawOrder: 0
  rtl: 0
  _fade: 1
  bestFit: 0
  latestNumber: 3
  currentUnReadTime: 0
  preParsedText: Stat
--- !u!222 &8831417016219272397
CanvasRenderer:
  m_ObjectHideFlags: 0
  m_CorrespondingSourceObject: {fileID: 0}
  m_PrefabInstance: {fileID: 0}
  m_PrefabAsset: {fileID: 0}
  m_GameObject: {fileID: 3946130413216863015}
  m_CullTransparentMesh: 1
--- !u!1 &5554047483887617522
GameObject:
  m_ObjectHideFlags: 0
  m_CorrespondingSourceObject: {fileID: 0}
  m_PrefabInstance: {fileID: 0}
  m_PrefabAsset: {fileID: 0}
  serializedVersion: 6
  m_Component:
  - component: {fileID: 8184588275512592896}
  - component: {fileID: 1443992525845520384}
  - component: {fileID: 2299438827439324850}
  m_Layer: 5
  m_Name: ImageWPBG
  m_TagString: Untagged
  m_Icon: {fileID: 0}
  m_NavMeshLayer: 0
  m_StaticEditorFlags: 0
  m_IsActive: 1
--- !u!224 &8184588275512592896
RectTransform:
  m_ObjectHideFlags: 0
  m_CorrespondingSourceObject: {fileID: 0}
  m_PrefabInstance: {fileID: 0}
  m_PrefabAsset: {fileID: 0}
  m_GameObject: {fileID: 5554047483887617522}
  m_LocalRotation: {x: 0, y: 0, z: 0, w: 1}
  m_LocalPosition: {x: 0, y: 0, z: 0}
  m_LocalScale: {x: 1, y: 1, z: 1}
  m_Children:
  - {fileID: 4157435763181038450}
  m_Father: {fileID: 2295298356518567435}
  m_RootOrder: 1
  m_LocalEulerAnglesHint: {x: 0, y: 0, z: 0}
  m_AnchorMin: {x: 1, y: 1}
  m_AnchorMax: {x: 1, y: 1}
  m_AnchoredPosition: {x: 0, y: -34}
  m_SizeDelta: {x: 206, y: 9}
  m_Pivot: {x: 1, y: 1}
--- !u!222 &1443992525845520384
CanvasRenderer:
  m_ObjectHideFlags: 0
  m_CorrespondingSourceObject: {fileID: 0}
  m_PrefabInstance: {fileID: 0}
  m_PrefabAsset: {fileID: 0}
  m_GameObject: {fileID: 5554047483887617522}
  m_CullTransparentMesh: 1
--- !u!114 &2299438827439324850
MonoBehaviour:
  m_ObjectHideFlags: 0
  m_CorrespondingSourceObject: {fileID: 0}
  m_PrefabInstance: {fileID: 0}
  m_PrefabAsset: {fileID: 0}
  m_GameObject: {fileID: 5554047483887617522}
  m_Enabled: 1
  m_EditorHideFlags: 0
  m_Script: {fileID: 11500000, guid: fe87c0e1cc204ed48ad3b37840f39efc, type: 3}
  m_Name: 
  m_EditorClassIdentifier: 
  m_Material: {fileID: 0}
  m_Color: {r: 0.7607843, g: 0.7411765, b: 0.7019608, a: 1}
  m_RaycastTarget: 1
  m_RaycastPadding: {x: 0, y: 0, z: 0, w: 0}
  m_Maskable: 1
  m_OnCullStateChanged:
    m_PersistentCalls:
      m_Calls: []
  m_Sprite: {fileID: 5498516589663931471, guid: 377bb91b4b5816d44a2b7b727bb49d67, type: 3}
  m_Type: 1
  m_PreserveAspect: 0
  m_FillCenter: 1
  m_FillMethod: 4
  m_FillAmount: 1
  m_FillClockwise: 1
  m_FillOrigin: 0
  m_UseSpriteMesh: 0
  m_PixelsPerUnitMultiplier: 1
--- !u!1 &5840532512073858427
GameObject:
  m_ObjectHideFlags: 0
  m_CorrespondingSourceObject: {fileID: 0}
  m_PrefabInstance: {fileID: 0}
  m_PrefabAsset: {fileID: 0}
  serializedVersion: 6
  m_Component:
  - component: {fileID: 5702122134432530606}
  - component: {fileID: 29322408583328619}
  - component: {fileID: 6948642738207004473}
  m_Layer: 5
  m_Name: TextGradeBG
  m_TagString: Untagged
  m_Icon: {fileID: 0}
  m_NavMeshLayer: 0
  m_StaticEditorFlags: 0
  m_IsActive: 1
--- !u!224 &5702122134432530606
RectTransform:
  m_ObjectHideFlags: 0
  m_CorrespondingSourceObject: {fileID: 0}
  m_PrefabInstance: {fileID: 0}
  m_PrefabAsset: {fileID: 0}
  m_GameObject: {fileID: 5840532512073858427}
  m_LocalRotation: {x: -0, y: -0, z: -0, w: 1}
  m_LocalPosition: {x: 0, y: 0, z: 0}
  m_LocalScale: {x: 1, y: 1, z: 1}
  m_Children:
  - {fileID: 868682322294337791}
  m_Father: {fileID: 2295298356518567435}
  m_RootOrder: 0
  m_LocalEulerAnglesHint: {x: 0, y: 0, z: 0}
  m_AnchorMin: {x: 0, y: 1}
  m_AnchorMax: {x: 0, y: 1}
  m_AnchoredPosition: {x: 0, y: 0}
  m_SizeDelta: {x: 55, y: 55}
  m_Pivot: {x: 0, y: 1}
--- !u!222 &29322408583328619
CanvasRenderer:
  m_ObjectHideFlags: 0
  m_CorrespondingSourceObject: {fileID: 0}
  m_PrefabInstance: {fileID: 0}
  m_PrefabAsset: {fileID: 0}
  m_GameObject: {fileID: 5840532512073858427}
  m_CullTransparentMesh: 1
--- !u!114 &6948642738207004473
MonoBehaviour:
  m_ObjectHideFlags: 0
  m_CorrespondingSourceObject: {fileID: 0}
  m_PrefabInstance: {fileID: 0}
  m_PrefabAsset: {fileID: 0}
  m_GameObject: {fileID: 5840532512073858427}
  m_Enabled: 1
  m_EditorHideFlags: 0
  m_Script: {fileID: 11500000, guid: fe87c0e1cc204ed48ad3b37840f39efc, type: 3}
  m_Name: 
  m_EditorClassIdentifier: 
  m_Material: {fileID: 0}
  m_Color: {r: 1, g: 1, b: 1, a: 1}
  m_RaycastTarget: 1
  m_RaycastPadding: {x: 0, y: 0, z: 0, w: 0}
  m_Maskable: 1
  m_OnCullStateChanged:
    m_PersistentCalls:
      m_Calls: []
  m_Sprite: {fileID: 5251948603915974940, guid: 377bb91b4b5816d44a2b7b727bb49d67, type: 3}
  m_Type: 1
  m_PreserveAspect: 0
  m_FillCenter: 1
  m_FillMethod: 4
  m_FillAmount: 1
  m_FillClockwise: 1
  m_FillOrigin: 0
  m_UseSpriteMesh: 0
  m_PixelsPerUnitMultiplier: 1
--- !u!1 &7389436430486963632
GameObject:
  m_ObjectHideFlags: 0
  m_CorrespondingSourceObject: {fileID: 0}
  m_PrefabInstance: {fileID: 0}
  m_PrefabAsset: {fileID: 0}
  serializedVersion: 6
  m_Component:
  - component: {fileID: 841721178241211944}
  - component: {fileID: 5374356510428505417}
  - component: {fileID: 584181788222796963}
  m_Layer: 5
  m_Name: TextStatName (1)
  m_TagString: Untagged
  m_Icon: {fileID: 0}
  m_NavMeshLayer: 0
  m_StaticEditorFlags: 0
  m_IsActive: 1
--- !u!224 &841721178241211944
RectTransform:
  m_ObjectHideFlags: 0
  m_CorrespondingSourceObject: {fileID: 0}
  m_PrefabInstance: {fileID: 0}
  m_PrefabAsset: {fileID: 0}
  m_GameObject: {fileID: 7389436430486963632}
  m_LocalRotation: {x: 0, y: 0, z: 0, w: 1}
  m_LocalPosition: {x: 0, y: 0, z: 0}
  m_LocalScale: {x: 1, y: 1, z: 1}
  m_Children: []
  m_Father: {fileID: 2295298356518567435}
  m_RootOrder: 3
  m_LocalEulerAnglesHint: {x: 0, y: 0, z: 0}
  m_AnchorMin: {x: 1, y: 1}
  m_AnchorMax: {x: 1, y: 1}
  m_AnchoredPosition: {x: 0.000030517578, y: 0}
  m_SizeDelta: {x: 56, y: 30}
  m_Pivot: {x: 1, y: 1}
--- !u!114 &5374356510428505417
MonoBehaviour:
  m_ObjectHideFlags: 0
  m_CorrespondingSourceObject: {fileID: 0}
  m_PrefabInstance: {fileID: 0}
  m_PrefabAsset: {fileID: 0}
  m_GameObject: {fileID: 7389436430486963632}
  m_Enabled: 1
  m_EditorHideFlags: 0
  m_Script: {fileID: 11500000, guid: 0ffcfb6d0266347848bf69a03919f483, type: 3}
  m_Name: 
  m_EditorClassIdentifier: 
  showTextFoldout: 1
  showAppearanceFoldout: 1
  showMaterialFoldout: 1
  showPositionFoldout: 1
  showTimingFoldout: 1
  showFunctionalityFoldout: 0
  showAudioFoldout: 0
  showEventFoldout: 0
  showBetaFoldout: 0
  info:
  - pos: {x: -48, y: -36, z: 0}
    offset: {x: 0, y: 0, z: 0}
    isEndOfParagraph: 0
    readTime: 0
    unreadTime: 0
    line: 0
    rawIndex: 0
    indent: 0
    drawAnimData: {fileID: 11400000, guid: 79b3a58975db94dc0878c84bf4315875, type: 2}
    size: {x: 30, y: 30}
    alignment: 2
    drawOrder: 0
    ev: []
    ev2: []
    colorData: {fileID: 0}
    gradientData: {fileID: 0}
    textureData: {fileID: 0}
    delayData: {fileID: 0}
    waveData: {fileID: 0}
    jitterData: {fileID: 0}
    readDelay: 0.025
    audioClipData: {fileID: 0}
    stopPreviousSound: 1
    pitchMode: 0
    overridePitch: 1
    minPitch: 0.9
    maxPitch: 1.2
    speedReadPitch: 0
    fontData: {fileID: 0}
    quadData: {fileID: 0}
    isQuad: 0
    quadIndex: -1
    materialData: {fileID: 0}
    soundClipData: {fileID: 0}
    IdxIdentifier: 0
    InfoInUse: 0
    chSize: 30
    submeshChange: 0
    invoked: 1
  - pos: {x: -32, y: -36, z: 0}
    offset: {x: 0, y: 0, z: 0}
    isEndOfParagraph: 0
    readTime: 0.025
    unreadTime: 0
    line: 0
    rawIndex: 0
    indent: 0
    drawAnimData: {fileID: 11400000, guid: 79b3a58975db94dc0878c84bf4315875, type: 2}
    size: {x: 30, y: 30}
    alignment: 2
    drawOrder: 0
    ev: []
    ev2: []
    colorData: {fileID: 0}
    gradientData: {fileID: 0}
    textureData: {fileID: 0}
    delayData: {fileID: 0}
    waveData: {fileID: 0}
    jitterData: {fileID: 0}
    readDelay: 0.025
    audioClipData: {fileID: 0}
    stopPreviousSound: 1
    pitchMode: 0
    overridePitch: 1
    minPitch: 0.9
    maxPitch: 1.2
    speedReadPitch: 0
    fontData: {fileID: 0}
    quadData: {fileID: 0}
    isQuad: 0
    quadIndex: -1
    materialData: {fileID: 0}
    soundClipData: {fileID: 0}
    IdxIdentifier: 0
    InfoInUse: 0
    chSize: 30
    submeshChange: 0
    invoked: 1
  - pos: {x: -16, y: -36, z: 0}
    offset: {x: 0, y: 0, z: 0}
    isEndOfParagraph: 0
    readTime: 0.05
    unreadTime: 0
    line: 0
    rawIndex: 1
    indent: 0
    drawAnimData: {fileID: 11400000, guid: 79b3a58975db94dc0878c84bf4315875, type: 2}
    size: {x: 30, y: 30}
    alignment: 2
    drawOrder: 0
    ev: []
    ev2: []
    colorData: {fileID: 0}
    gradientData: {fileID: 0}
    textureData: {fileID: 0}
    delayData: {fileID: 0}
    waveData: {fileID: 0}
    jitterData: {fileID: 0}
    readDelay: 0.025
    audioClipData: {fileID: 0}
    stopPreviousSound: 1
    pitchMode: 0
    overridePitch: 1
    minPitch: 0.9
    maxPitch: 1.2
    speedReadPitch: 0
    fontData: {fileID: 0}
    quadData: {fileID: 0}
    isQuad: 0
    quadIndex: -1
    materialData: {fileID: 0}
    soundClipData: {fileID: 0}
    IdxIdentifier: 0
    InfoInUse: 0
    chSize: 30
    submeshChange: 0
    invoked: 1
  _text: 999
  drawText: 999
  hyphenedText: 999
  font: {fileID: 12800000, guid: 1943e7d6fe28ed64493aa17cb814729d, type: 3}
  _color32:
    serializedVersion: 2
    rgba: 4294967295
  _color: {r: 0.3372549, g: 0.18039216, b: 0.09019608, a: 1}
  forceAnimation: 0
  richText: 1
  readDelay: 0.025
  speedReadScale: 2
  ignoreTimeScale: 1
  disableAnimatedText: 0
  drawAnimName: Appear
  unreadDelay: 0.05
  undrawOrder: 1
  undrawAnimName: Appear
  audioSource: {fileID: 0}
  audioClips: []
  stopPreviousSound: 1
  pitchMode: 0
  overridePitch: 1
  minPitch: 0.9
  maxPitch: 1.2
  speedReadPitch: 0
  perlinPitchMulti: 1
  reading: 0
  unreading: 0
  size: 30
  bestFitMulti: 1
  quality: 30
  filterMode: 1
  maskMode: 0
  style: 0
  baseOffset: {x: 0, y: 4, z: 0}
  relativeBaseOffset: 0
  lineSpacing: 1.2
  characterSpacing: 0
  tabSize: 4
  autoWrap: 12
  uiWrap: 1
  uiLimit: 1
  breakText: 0
  insertHyphens: 0
  anchor: 0
  alignment: 2
  verticalLimit: 0
  verticalLimitMode: 2
  leftoverText: 
  textMaterial: {fileID: 2100000, guid: e490a80c3724140c0ad176edb075a09e, type: 2}
  textMesh: {fileID: 0}
  rawTopLeftBounds: {x: 56, y: 0, z: 0}
  rawBottomRightBounds: {x: 0, y: 30, z: 0}
  rawBottomRightTextBounds: {x: 48, y: -36, z: 0}
  topLeftBounds: {x: -8.249999, y: -3.166667, z: 90}
  topRightBounds: {x: -7.0833325, y: -3.166667, z: 90}
  bottomLeftBounds: {x: -8.249999, y: -3.791667, z: 90}
  bottomRightBounds: {x: -7.0833325, y: -3.791667, z: 90}
  centerBounds: {x: -7.666666, y: -3.479167, z: 90}
  topLeftTextBounds: {x: -8.083332, y: -3.166667, z: 90}
  topRightTextBounds: {x: -7.0833325, y: -3.166667, z: 90}
  bottomLeftTextBounds: {x: -8.083332, y: -3.916667, z: 90}
  bottomRightTextBounds: {x: -7.0833325, y: -3.916667, z: 90}
  centerTextBounds: {x: -7.583332, y: -3.541667, z: 0}
  finalTopLeftTextBounds: {x: -8.083332, y: -3.166667, z: 90}
  finalTopRightTextBounds: {x: -7.0833325, y: -3.166667, z: 90}
  finalBottomLeftTextBounds: {x: -8.083332, y: -3.916667, z: 90}
  finalBottomRightTextBounds: {x: -7.0833325, y: -3.916667, z: 90}
  finalCenterTextBounds: {x: -7.583332, y: -3.541667, z: 0}
  unwrappedBottomRightTextBounds: {x: 48, y: -36, z: 0}
  onCompleteEvent:
    m_PersistentCalls:
      m_Calls: []
  onUndrawnEvent:
    m_PersistentCalls:
      m_Calls: []
  onRebuildEvent:
    m_PersistentCalls:
      m_Calls: []
  onPrintEvent:
    m_PersistentCalls:
      m_Calls: []
  onCustomEvent:
    m_PersistentCalls:
      m_Calls: []
  onVertexMod:
    m_PersistentCalls:
      m_Calls: []
  onPreParse:
    m_PersistentCalls:
      m_Calls: []
  debugMode: 0
  totalReadTime: 0.05001
  totalUnreadTime: 0.00001
  currentReadTime: 0.05001
  autoRead: 0
  rememberReadPosition: 1
  autoQuality: 1
  drawOrder: 0
  rtl: 0
  _fade: 1
  bestFit: 0
  latestNumber: 2
  currentUnReadTime: 0
  preParsedText: 999
--- !u!222 &584181788222796963
CanvasRenderer:
  m_ObjectHideFlags: 0
  m_CorrespondingSourceObject: {fileID: 0}
  m_PrefabInstance: {fileID: 0}
  m_PrefabAsset: {fileID: 0}
  m_GameObject: {fileID: 7389436430486963632}
  m_CullTransparentMesh: 1
