%YAML 1.1
%TAG !u! tag:unity3d.com,2011:
--- !u!1 &614231255904031007
GameObject:
  m_ObjectHideFlags: 0
  m_CorrespondingSourceObject: {fileID: 0}
  m_PrefabInstance: {fileID: 0}
  m_PrefabAsset: {fileID: 0}
  serializedVersion: 6
  m_Component:
  - component: {fileID: 4861208185351148133}
  - component: {fileID: 156539351520790534}
  - component: {fileID: 583834917746317599}
  m_Layer: 5
  m_Name: TextCompatible
  m_TagString: Untagged
  m_Icon: {fileID: 0}
  m_NavMeshLayer: 0
  m_StaticEditorFlags: 0
  m_IsActive: 1
--- !u!224 &4861208185351148133
RectTransform:
  m_ObjectHideFlags: 0
  m_CorrespondingSourceObject: {fileID: 0}
  m_PrefabInstance: {fileID: 0}
  m_PrefabAsset: {fileID: 0}
  m_GameObject: {fileID: 614231255904031007}
  m_LocalRotation: {x: 0, y: 0, z: 0, w: 1}
  m_LocalPosition: {x: 0, y: 0, z: 0}
  m_LocalScale: {x: 1, y: 1, z: 1}
  m_Children: []
  m_Father: {fileID: 5287915491914968678}
  m_RootOrder: 8
  m_LocalEulerAnglesHint: {x: 0, y: 0, z: 0}
  m_AnchorMin: {x: 0, y: 0}
  m_AnchorMax: {x: 0, y: 0}
  m_AnchoredPosition: {x: 141, y: 21}
  m_SizeDelta: {x: 312, y: 33}
  m_Pivot: {x: 0, y: 0}
--- !u!114 &156539351520790534
MonoBehaviour:
  m_ObjectHideFlags: 0
  m_CorrespondingSourceObject: {fileID: 0}
  m_PrefabInstance: {fileID: 0}
  m_PrefabAsset: {fileID: 0}
  m_GameObject: {fileID: 614231255904031007}
  m_Enabled: 1
  m_EditorHideFlags: 0
  m_Script: {fileID: 11500000, guid: 0ffcfb6d0266347848bf69a03919f483, type: 3}
  m_Name: 
  m_EditorClassIdentifier: 
  showTextFoldout: 1
  showAppearanceFoldout: 1
  showMaterialFoldout: 0
  showPositionFoldout: 1
  showTimingFoldout: 0
  showFunctionalityFoldout: 0
  showAudioFoldout: 0
  showEventFoldout: 0
  showBetaFoldout: 0
  info:
  - pos: {x: 0, y: 6, z: 0}
    offset: {x: 0, y: 0, z: 0}
    isEndOfParagraph: 0
    readTime: 0
    unreadTime: 0
    line: 0
    rawIndex: 0
    indent: 0
    drawAnimData: {fileID: 11400000, guid: 79b3a58975db94dc0878c84bf4315875, type: 2}
    size: {x: 27, y: 27}
    alignment: 0
    drawOrder: 0
    ev: []
    ev2: []
    colorData: {fileID: 0}
    gradientData: {fileID: 0}
    textureData: {fileID: 0}
    delayData: {fileID: 0}
    waveData: {fileID: 0}
    jitterData: {fileID: 0}
    readDelay: 0
    audioClipData: {fileID: 0}
    stopPreviousSound: 1
    pitchMode: 0
    overridePitch: 1
    minPitch: 0.9
    maxPitch: 1.2
    speedReadPitch: 0
    fontData: {fileID: 0}
    quadData: {fileID: 0}
    isQuad: 0
    quadIndex: -1
    materialData: {fileID: 0}
    soundClipData: {fileID: 0}
    IdxIdentifier: 0
    InfoInUse: 0
    chSize: 18
    submeshChange: 0
    invoked: 1
  - pos: {x: 16.5, y: 6, z: 0}
    offset: {x: 0, y: 0, z: 0}
    isEndOfParagraph: 0
    readTime: 0
    unreadTime: 0
    line: 0
    rawIndex: 0
    indent: 0
    drawAnimData: {fileID: 11400000, guid: 79b3a58975db94dc0878c84bf4315875, type: 2}
    size: {x: 27, y: 27}
    alignment: 0
    drawOrder: 0
    ev: []
    ev2: []
    colorData: {fileID: 0}
    gradientData: {fileID: 0}
    textureData: {fileID: 0}
    delayData: {fileID: 0}
    waveData: {fileID: 0}
    jitterData: {fileID: 0}
    readDelay: 0
    audioClipData: {fileID: 0}
    stopPreviousSound: 1
    pitchMode: 0
    overridePitch: 1
    minPitch: 0.9
    maxPitch: 1.2
    speedReadPitch: 0
    fontData: {fileID: 0}
    quadData: {fileID: 0}
    isQuad: 0
    quadIndex: -1
    materialData: {fileID: 0}
    soundClipData: {fileID: 0}
    IdxIdentifier: 0
    InfoInUse: 0
    chSize: 18
    submeshChange: 0
    invoked: 1
  - pos: {x: 30, y: 6, z: 0}
    offset: {x: 0, y: 0, z: 0}
    isEndOfParagraph: 0
    readTime: 0
    unreadTime: 0
    line: 0
    rawIndex: 1
    indent: 0
    drawAnimData: {fileID: 11400000, guid: 79b3a58975db94dc0878c84bf4315875, type: 2}
    size: {x: 27, y: 27}
    alignment: 0
    drawOrder: 0
    ev: []
    ev2: []
    colorData: {fileID: 0}
    gradientData: {fileID: 0}
    textureData: {fileID: 0}
    delayData: {fileID: 0}
    waveData: {fileID: 0}
    jitterData: {fileID: 0}
    readDelay: 0
    audioClipData: {fileID: 0}
    stopPreviousSound: 1
    pitchMode: 0
    overridePitch: 1
    minPitch: 0.9
    maxPitch: 1.2
    speedReadPitch: 0
    fontData: {fileID: 0}
    quadData: {fileID: 0}
    isQuad: 0
    quadIndex: -1
    materialData: {fileID: 0}
    soundClipData: {fileID: 0}
    IdxIdentifier: 0
    InfoInUse: 0
    chSize: 18
    submeshChange: 0
    invoked: 1
  - pos: {x: 51, y: 6, z: 0}
    offset: {x: 0, y: 0, z: 0}
    isEndOfParagraph: 0
    readTime: 0
    unreadTime: 0
    line: 0
    rawIndex: 2
    indent: 0
    drawAnimData: {fileID: 11400000, guid: 79b3a58975db94dc0878c84bf4315875, type: 2}
    size: {x: 27, y: 27}
    alignment: 0
    drawOrder: 0
    ev: []
    ev2: []
    colorData: {fileID: 0}
    gradientData: {fileID: 0}
    textureData: {fileID: 0}
    delayData: {fileID: 0}
    waveData: {fileID: 0}
    jitterData: {fileID: 0}
    readDelay: 0
    audioClipData: {fileID: 0}
    stopPreviousSound: 1
    pitchMode: 0
    overridePitch: 1
    minPitch: 0.9
    maxPitch: 1.2
    speedReadPitch: 0
    fontData: {fileID: 0}
    quadData: {fileID: 0}
    isQuad: 0
    quadIndex: -1
    materialData: {fileID: 0}
    soundClipData: {fileID: 0}
    IdxIdentifier: 0
    InfoInUse: 0
    chSize: 18
    submeshChange: 0
    invoked: 1
  - pos: {x: 64.5, y: 6, z: 0}
    offset: {x: 0, y: 0, z: 0}
    isEndOfParagraph: 0
    readTime: 0
    unreadTime: 0
    line: 0
    rawIndex: 3
    indent: 0
    drawAnimData: {fileID: 11400000, guid: 79b3a58975db94dc0878c84bf4315875, type: 2}
    size: {x: 27, y: 27}
    alignment: 0
    drawOrder: 0
    ev: []
    ev2: []
    colorData: {fileID: 0}
    gradientData: {fileID: 0}
    textureData: {fileID: 0}
    delayData: {fileID: 0}
    waveData: {fileID: 0}
    jitterData: {fileID: 0}
    readDelay: 0
    audioClipData: {fileID: 0}
    stopPreviousSound: 1
    pitchMode: 0
    overridePitch: 1
    minPitch: 0.9
    maxPitch: 1.2
    speedReadPitch: 0
    fontData: {fileID: 0}
    quadData: {fileID: 0}
    isQuad: 0
    quadIndex: -1
    materialData: {fileID: 0}
    soundClipData: {fileID: 0}
    IdxIdentifier: 0
    InfoInUse: 0
    chSize: 18
    submeshChange: 0
    invoked: 1
  - pos: {x: 78, y: 6, z: 0}
    offset: {x: 0, y: 0, z: 0}
    isEndOfParagraph: 0
    readTime: 0
    unreadTime: 0
    line: 0
    rawIndex: 4
    indent: 0
    drawAnimData: {fileID: 11400000, guid: 79b3a58975db94dc0878c84bf4315875, type: 2}
    size: {x: 27, y: 27}
    alignment: 0
    drawOrder: 0
    ev: []
    ev2: []
    colorData: {fileID: 0}
    gradientData: {fileID: 0}
    textureData: {fileID: 0}
    delayData: {fileID: 0}
    waveData: {fileID: 0}
    jitterData: {fileID: 0}
    readDelay: 0
    audioClipData: {fileID: 0}
    stopPreviousSound: 1
    pitchMode: 0
    overridePitch: 1
    minPitch: 0.9
    maxPitch: 1.2
    speedReadPitch: 0
    fontData: {fileID: 0}
    quadData: {fileID: 0}
    isQuad: 0
    quadIndex: -1
    materialData: {fileID: 0}
    soundClipData: {fileID: 0}
    IdxIdentifier: 0
    InfoInUse: 0
    chSize: 18
    submeshChange: 0
    invoked: 1
  - pos: {x: 87, y: 6, z: 0}
    offset: {x: 0, y: 0, z: 0}
    isEndOfParagraph: 0
    readTime: 0
    unreadTime: 0
    line: 0
    rawIndex: 5
    indent: 0
    drawAnimData: {fileID: 11400000, guid: 79b3a58975db94dc0878c84bf4315875, type: 2}
    size: {x: 27, y: 27}
    alignment: 0
    drawOrder: 0
    ev: []
    ev2: []
    colorData: {fileID: 0}
    gradientData: {fileID: 0}
    textureData: {fileID: 0}
    delayData: {fileID: 0}
    waveData: {fileID: 0}
    jitterData: {fileID: 0}
    readDelay: 0
    audioClipData: {fileID: 0}
    stopPreviousSound: 1
    pitchMode: 0
    overridePitch: 1
    minPitch: 0.9
    maxPitch: 1.2
    speedReadPitch: 0
    fontData: {fileID: 0}
    quadData: {fileID: 0}
    isQuad: 0
    quadIndex: -1
    materialData: {fileID: 0}
    soundClipData: {fileID: 0}
    IdxIdentifier: 0
    InfoInUse: 0
    chSize: 18
    submeshChange: 0
    invoked: 1
  - pos: {x: 93, y: 6, z: 0}
    offset: {x: 0, y: 0, z: 0}
    isEndOfParagraph: 0
    readTime: 0
    unreadTime: 0
    line: 0
    rawIndex: 6
    indent: 0
    drawAnimData: {fileID: 11400000, guid: 79b3a58975db94dc0878c84bf4315875, type: 2}
    size: {x: 27, y: 27}
    alignment: 0
    drawOrder: 0
    ev: []
    ev2: []
    colorData: {fileID: 0}
    gradientData: {fileID: 0}
    textureData: {fileID: 0}
    delayData: {fileID: 0}
    waveData: {fileID: 0}
    jitterData: {fileID: 0}
    readDelay: 0
    audioClipData: {fileID: 0}
    stopPreviousSound: 1
    pitchMode: 0
    overridePitch: 1
    minPitch: 0.9
    maxPitch: 1.2
    speedReadPitch: 0
    fontData: {fileID: 0}
    quadData: {fileID: 0}
    isQuad: 0
    quadIndex: -1
    materialData: {fileID: 0}
    soundClipData: {fileID: 0}
    IdxIdentifier: 0
    InfoInUse: 0
    chSize: 18
    submeshChange: 0
    invoked: 1
  - pos: {x: 106.5, y: 6, z: 0}
    offset: {x: 0, y: 0, z: 0}
    isEndOfParagraph: 0
    readTime: 0
    unreadTime: 0
    line: 0
    rawIndex: 7
    indent: 0
    drawAnimData: {fileID: 11400000, guid: 79b3a58975db94dc0878c84bf4315875, type: 2}
    size: {x: 27, y: 27}
    alignment: 0
    drawOrder: 0
    ev: []
    ev2: []
    colorData: {fileID: 0}
    gradientData: {fileID: 0}
    textureData: {fileID: 0}
    delayData: {fileID: 0}
    waveData: {fileID: 0}
    jitterData: {fileID: 0}
    readDelay: 0
    audioClipData: {fileID: 0}
    stopPreviousSound: 1
    pitchMode: 0
    overridePitch: 1
    minPitch: 0.9
    maxPitch: 1.2
    speedReadPitch: 0
    fontData: {fileID: 0}
    quadData: {fileID: 0}
    isQuad: 0
    quadIndex: -1
    materialData: {fileID: 0}
    soundClipData: {fileID: 0}
    IdxIdentifier: 0
    InfoInUse: 0
    chSize: 18
    submeshChange: 0
    invoked: 1
  - pos: {x: 112.5, y: 6, z: 0}
    offset: {x: 0, y: 0, z: 0}
    isEndOfParagraph: 0
    readTime: 0
    unreadTime: 0
    line: 0
    rawIndex: 8
    indent: 0
    drawAnimData: {fileID: 11400000, guid: 79b3a58975db94dc0878c84bf4315875, type: 2}
    size: {x: 27, y: 27}
    alignment: 0
    drawOrder: 0
    ev: []
    ev2: []
    colorData: {fileID: 0}
    gradientData: {fileID: 0}
    textureData: {fileID: 0}
    delayData: {fileID: 0}
    waveData: {fileID: 0}
    jitterData: {fileID: 0}
    readDelay: 0
    audioClipData: {fileID: 0}
    stopPreviousSound: 1
    pitchMode: 0
    overridePitch: 1
    minPitch: 0.9
    maxPitch: 1.2
    speedReadPitch: 0
    fontData: {fileID: 0}
    quadData: {fileID: 0}
    isQuad: 0
    quadIndex: -1
    materialData: {fileID: 0}
    soundClipData: {fileID: 0}
    IdxIdentifier: 0
    InfoInUse: 0
    chSize: 18
    submeshChange: 0
    invoked: 1
  - pos: {x: 126, y: 6, z: 0}
    offset: {x: 0, y: 0, z: 0}
    isEndOfParagraph: 0
    readTime: 0
    unreadTime: 0
    line: 0
    rawIndex: 9
    indent: 0
    drawAnimData: {fileID: 11400000, guid: 79b3a58975db94dc0878c84bf4315875, type: 2}
    size: {x: 27, y: 27}
    alignment: 0
    drawOrder: 0
    ev: []
    ev2: []
    colorData: {fileID: 0}
    gradientData: {fileID: 0}
    textureData: {fileID: 0}
    delayData: {fileID: 0}
    waveData: {fileID: 0}
    jitterData: {fileID: 0}
    readDelay: 0
    audioClipData: {fileID: 0}
    stopPreviousSound: 1
    pitchMode: 0
    overridePitch: 1
    minPitch: 0.9
    maxPitch: 1.2
    speedReadPitch: 0
    fontData: {fileID: 0}
    quadData: {fileID: 0}
    isQuad: 0
    quadIndex: -1
    materialData: {fileID: 0}
    soundClipData: {fileID: 0}
    IdxIdentifier: 0
    InfoInUse: 0
    chSize: 18
    submeshChange: 0
    invoked: 1
  _text: Compatible!
  drawText: Compatible!
  hyphenedText: Compatible!
  font: {fileID: 12800000, guid: 1943e7d6fe28ed64493aa17cb814729d, type: 3}
  _color32:
    serializedVersion: 2
    rgba: 4294967295
  _color: {r: 0.45882353, g: 0.3137255, b: 0.20392157, a: 1}
  forceAnimation: 0
  richText: 1
  readDelay: 0
  speedReadScale: 2
  ignoreTimeScale: 1
  disableAnimatedText: 0
  drawAnimName: Appear
  unreadDelay: 0.05
  undrawOrder: 1
  undrawAnimName: Appear
  audioSource: {fileID: 0}
  audioClips: []
  stopPreviousSound: 1
  pitchMode: 0
  overridePitch: 1
  minPitch: 0.9
  maxPitch: 1.2
  speedReadPitch: 0
  perlinPitchMulti: 1
  reading: 0
  unreading: 0
  size: 27
  bestFitMulti: 1
  quality: 18
  filterMode: 1
  maskMode: 0
  style: 0
  baseOffset: {x: 0, y: 0, z: 0}
  relativeBaseOffset: 0
  lineSpacing: 1
  characterSpacing: 0
  tabSize: 4
  autoWrap: 12
  uiWrap: 1
  uiLimit: 1
  breakText: 0
  insertHyphens: 0
  anchor: 0
  alignment: 0
  verticalLimit: 0
  verticalLimitMode: 2
  leftoverText: 
  textMaterial: {fileID: 2100000, guid: e490a80c3724140c0ad176edb075a09e, type: 2}
  textMesh: {fileID: 0}
  rawTopLeftBounds: {x: 0, y: -33, z: 0}
  rawBottomRightBounds: {x: -312, y: 0, z: 0}
  rawBottomRightTextBounds: {x: 133.5, y: -27, z: 0}
  topLeftBounds: {x: -64.333374, y: -13.3333435, z: 0}
  topRightBounds: {x: 143.66666, y: -13.3333435, z: 0}
  bottomLeftBounds: {x: -64.333374, y: -35.333344, z: 0}
  bottomRightBounds: {x: 143.66666, y: -35.333344, z: 0}
  centerBounds: {x: 39.66664, y: -24.333344, z: 0}
  topLeftTextBounds: {x: -64.333374, y: -13.3333435, z: 0}
  topRightTextBounds: {x: 24.666626, y: -13.3333435, z: 0}
  bottomLeftTextBounds: {x: -64.333374, y: -31.333344, z: 0}
  bottomRightTextBounds: {x: 24.666626, y: -31.333344, z: 0}
  centerTextBounds: {x: -19.833374, y: -22.333344, z: 0}
  finalTopLeftTextBounds: {x: -64.333374, y: -13.3333435, z: 0}
  finalTopRightTextBounds: {x: 24.666626, y: -13.3333435, z: 0}
  finalBottomLeftTextBounds: {x: -64.333374, y: -31.333344, z: 0}
  finalBottomRightTextBounds: {x: 24.666626, y: -31.333344, z: 0}
  finalCenterTextBounds: {x: -19.833374, y: -22.333344, z: 0}
  unwrappedBottomRightTextBounds: {x: 133.5, y: -27, z: 0}
  onCompleteEvent:
    m_PersistentCalls:
      m_Calls: []
  onUndrawnEvent:
    m_PersistentCalls:
      m_Calls: []
  onRebuildEvent:
    m_PersistentCalls:
      m_Calls: []
  onPrintEvent:
    m_PersistentCalls:
      m_Calls: []
  onCustomEvent:
    m_PersistentCalls:
      m_Calls: []
  onVertexMod:
    m_PersistentCalls:
      m_Calls: []
  onPreParse:
    m_PersistentCalls:
      m_Calls: []
  debugMode: 0
  totalReadTime: 0.00001
  totalUnreadTime: 0.00001
  currentReadTime: 0.00001
  autoRead: 1
  rememberReadPosition: 1
  autoQuality: 1
  drawOrder: 0
  rtl: 0
  _fade: 1
  bestFit: 4
  latestNumber: 10
  currentUnReadTime: 0
  preParsedText: Compatible!
--- !u!222 &583834917746317599
CanvasRenderer:
  m_ObjectHideFlags: 0
  m_CorrespondingSourceObject: {fileID: 0}
  m_PrefabInstance: {fileID: 0}
  m_PrefabAsset: {fileID: 0}
  m_GameObject: {fileID: 614231255904031007}
  m_CullTransparentMesh: 1
--- !u!1 &5462815117829434598
GameObject:
  m_ObjectHideFlags: 0
  m_CorrespondingSourceObject: {fileID: 0}
  m_PrefabInstance: {fileID: 0}
  m_PrefabAsset: {fileID: 0}
  serializedVersion: 6
  m_Component:
  - component: {fileID: 888086698866163608}
  - component: {fileID: 169866389580389477}
  - component: {fileID: 5044333057762734871}
  m_Layer: 5
  m_Name: IconStatus
  m_TagString: Untagged
  m_Icon: {fileID: 0}
  m_NavMeshLayer: 0
  m_StaticEditorFlags: 0
  m_IsActive: 1
--- !u!224 &888086698866163608
RectTransform:
  m_ObjectHideFlags: 0
  m_CorrespondingSourceObject: {fileID: 0}
  m_PrefabInstance: {fileID: 0}
  m_PrefabAsset: {fileID: 0}
  m_GameObject: {fileID: 5462815117829434598}
  m_LocalRotation: {x: 0, y: 0, z: 0, w: 1}
  m_LocalPosition: {x: 0, y: 0, z: 0}
  m_LocalScale: {x: 1, y: 1, z: 1}
  m_Children: []
  m_Father: {fileID: 5287915491914968678}
  m_RootOrder: 9
  m_LocalEulerAnglesHint: {x: 0, y: 0, z: 0}
  m_AnchorMin: {x: 0, y: 0}
  m_AnchorMax: {x: 0, y: 0}
  m_AnchoredPosition: {x: 8, y: 8}
  m_SizeDelta: {x: 28, y: 28}
  m_Pivot: {x: 0, y: 0}
--- !u!222 &169866389580389477
CanvasRenderer:
  m_ObjectHideFlags: 0
  m_CorrespondingSourceObject: {fileID: 0}
  m_PrefabInstance: {fileID: 0}
  m_PrefabAsset: {fileID: 0}
  m_GameObject: {fileID: 5462815117829434598}
  m_CullTransparentMesh: 1
--- !u!114 &5044333057762734871
MonoBehaviour:
  m_ObjectHideFlags: 0
  m_CorrespondingSourceObject: {fileID: 0}
  m_PrefabInstance: {fileID: 0}
  m_PrefabAsset: {fileID: 0}
  m_GameObject: {fileID: 5462815117829434598}
  m_Enabled: 1
  m_EditorHideFlags: 0
  m_Script: {fileID: 11500000, guid: fe87c0e1cc204ed48ad3b37840f39efc, type: 3}
  m_Name: 
  m_EditorClassIdentifier: 
  m_Material: {fileID: 0}
  m_Color: {r: 1, g: 1, b: 1, a: 1}
  m_RaycastTarget: 1
  m_RaycastPadding: {x: 0, y: 0, z: 0, w: 0}
  m_Maskable: 1
  m_OnCullStateChanged:
    m_PersistentCalls:
      m_Calls: []
  m_Sprite: {fileID: 4924443582634605249, guid: cadabe767a929ed4995e427e0a929f1c, type: 3}
  m_Type: 0
  m_PreserveAspect: 0
  m_FillCenter: 1
  m_FillMethod: 4
  m_FillAmount: 1
  m_FillClockwise: 1
  m_FillOrigin: 0
  m_UseSpriteMesh: 0
  m_PixelsPerUnitMultiplier: 1
--- !u!114 &2301218831399239201
MonoBehaviour:
  m_ObjectHideFlags: 0
  m_CorrespondingSourceObject: {fileID: 0}
  m_PrefabInstance: {fileID: 0}
  m_PrefabAsset: {fileID: 0}
  m_GameObject: {fileID: 5287915491914968679}
  m_Enabled: 1
  m_EditorHideFlags: 0
  m_Script: {fileID: 11500000, guid: 202bf104e8b262249abf2a0be5bd8370, type: 3}
  m_Name: 
  m_EditorClassIdentifier: 
  imageCharmlingIcon: {fileID: 9087073182300046719}
  imageCharmlingIconBG: {fileID: 3281552169070038315}
  imageStatus: {fileID: 5044333057762734871}
  imageHealthBG: {fileID: 9156156705134069860}
  imageHealthBar: {fileID: 7942533633817241457}
  imageItemIcon: {fileID: 316110190564173518}
  textCharmlingName: {fileID: 7724704354779615340}
  textGender: {fileID: 469731273186286097}
  textLevel: {fileID: 2775884964815856007}
  textHP: {fileID: 6077947956744098776}
  textAccessory: {fileID: 313018268857489815}
  textCompatible: {fileID: 156539351520790534}
  spriteStatus:
  - {fileID: 4924443582634605249, guid: cadabe767a929ed4995e427e0a929f1c, type: 3}
  - {fileID: -5021537437684960180, guid: cadabe767a929ed4995e427e0a929f1c, type: 3}
  - {fileID: -8473423404030290468, guid: cadabe767a929ed4995e427e0a929f1c, type: 3}
  - {fileID: 8734839680646173047, guid: cadabe767a929ed4995e427e0a929f1c, type: 3}
  button: {fileID: 5287915491914968673}
  isCompatible: 0
--- !u!1001 &7439615636031379802
PrefabInstance:
  m_ObjectHideFlags: 0
  serializedVersion: 2
  m_Modification:
    m_TransformParent: {fileID: 0}
    m_Modifications:
    - target: {fileID: 600922882283294875, guid: 8db4af41708c18a4288e6f31bfd1a58a, type: 3}
      propertyPath: m_Pivot.y
      value: 0
      objectReference: {fileID: 0}
    - target: {fileID: 600922882283294875, guid: 8db4af41708c18a4288e6f31bfd1a58a, type: 3}
      propertyPath: m_AnchorMax.y
      value: 0
      objectReference: {fileID: 0}
    - target: {fileID: 600922882283294875, guid: 8db4af41708c18a4288e6f31bfd1a58a, type: 3}
      propertyPath: m_AnchorMin.y
      value: 0
      objectReference: {fileID: 0}
    - target: {fileID: 600922882283294875, guid: 8db4af41708c18a4288e6f31bfd1a58a, type: 3}
      propertyPath: m_AnchoredPosition.x
      value: 178.79993
      objectReference: {fileID: 0}
    - target: {fileID: 600922882283294875, guid: 8db4af41708c18a4288e6f31bfd1a58a, type: 3}
      propertyPath: m_AnchoredPosition.y
      value: 21
      objectReference: {fileID: 0}
    - target: {fileID: 868485199059142966, guid: 8db4af41708c18a4288e6f31bfd1a58a, type: 3}
      propertyPath: quality
      value: 22
      objectReference: {fileID: 0}
    - target: {fileID: 868485199059142966, guid: 8db4af41708c18a4288e6f31bfd1a58a, type: 3}
      propertyPath: _color.b
      value: 0.20392157
      objectReference: {fileID: 0}
    - target: {fileID: 868485199059142966, guid: 8db4af41708c18a4288e6f31bfd1a58a, type: 3}
      propertyPath: _color.g
      value: 0.3137255
      objectReference: {fileID: 0}
    - target: {fileID: 868485199059142966, guid: 8db4af41708c18a4288e6f31bfd1a58a, type: 3}
      propertyPath: _color.r
      value: 0.45882353
      objectReference: {fileID: 0}
    - target: {fileID: 868485199059142966, guid: 8db4af41708c18a4288e6f31bfd1a58a, type: 3}
      propertyPath: textMesh
      value: 
      objectReference: {fileID: 0}
    - target: {fileID: 868485199059142966, guid: 8db4af41708c18a4288e6f31bfd1a58a, type: 3}
      propertyPath: baseOffset.y
      value: 4
      objectReference: {fileID: 0}
    - target: {fileID: 868485199059142966, guid: 8db4af41708c18a4288e6f31bfd1a58a, type: 3}
      propertyPath: centerBounds.x
      value: 25.666626
      objectReference: {fileID: 0}
    - target: {fileID: 868485199059142966, guid: 8db4af41708c18a4288e6f31bfd1a58a, type: 3}
      propertyPath: centerBounds.y
      value: 25
      objectReference: {fileID: 0}
    - target: {fileID: 868485199059142966, guid: 8db4af41708c18a4288e6f31bfd1a58a, type: 3}
      propertyPath: topLeftBounds.x
      value: -64.333374
      objectReference: {fileID: 0}
    - target: {fileID: 868485199059142966, guid: 8db4af41708c18a4288e6f31bfd1a58a, type: 3}
      propertyPath: topLeftBounds.y
      value: 36
      objectReference: {fileID: 0}
    - target: {fileID: 868485199059142966, guid: 8db4af41708c18a4288e6f31bfd1a58a, type: 3}
      propertyPath: topRightBounds.x
      value: 115.666626
      objectReference: {fileID: 0}
    - target: {fileID: 868485199059142966, guid: 8db4af41708c18a4288e6f31bfd1a58a, type: 3}
      propertyPath: topRightBounds.y
      value: 36
      objectReference: {fileID: 0}
    - target: {fileID: 868485199059142966, guid: 8db4af41708c18a4288e6f31bfd1a58a, type: 3}
      propertyPath: bottomLeftBounds.x
      value: -64.333374
      objectReference: {fileID: 0}
    - target: {fileID: 868485199059142966, guid: 8db4af41708c18a4288e6f31bfd1a58a, type: 3}
      propertyPath: bottomLeftBounds.y
      value: 14
      objectReference: {fileID: 0}
    - target: {fileID: 868485199059142966, guid: 8db4af41708c18a4288e6f31bfd1a58a, type: 3}
      propertyPath: centerTextBounds.x
      value: -16.333374
      objectReference: {fileID: 0}
    - target: {fileID: 868485199059142966, guid: 8db4af41708c18a4288e6f31bfd1a58a, type: 3}
      propertyPath: centerTextBounds.y
      value: 25
      objectReference: {fileID: 0}
    - target: {fileID: 868485199059142966, guid: 8db4af41708c18a4288e6f31bfd1a58a, type: 3}
      propertyPath: bottomRightBounds.x
      value: 115.666626
      objectReference: {fileID: 0}
    - target: {fileID: 868485199059142966, guid: 8db4af41708c18a4288e6f31bfd1a58a, type: 3}
      propertyPath: bottomRightBounds.y
      value: 14
      objectReference: {fileID: 0}
    - target: {fileID: 868485199059142966, guid: 8db4af41708c18a4288e6f31bfd1a58a, type: 3}
      propertyPath: topLeftTextBounds.x
      value: -64.333374
      objectReference: {fileID: 0}
    - target: {fileID: 868485199059142966, guid: 8db4af41708c18a4288e6f31bfd1a58a, type: 3}
      propertyPath: topLeftTextBounds.y
      value: 36
      objectReference: {fileID: 0}
    - target: {fileID: 868485199059142966, guid: 8db4af41708c18a4288e6f31bfd1a58a, type: 3}
      propertyPath: topRightTextBounds.x
      value: 31.666626
      objectReference: {fileID: 0}
    - target: {fileID: 868485199059142966, guid: 8db4af41708c18a4288e6f31bfd1a58a, type: 3}
      propertyPath: topRightTextBounds.y
      value: 36
      objectReference: {fileID: 0}
    - target: {fileID: 868485199059142966, guid: 8db4af41708c18a4288e6f31bfd1a58a, type: 3}
      propertyPath: bottomLeftTextBounds.x
      value: -64.333374
      objectReference: {fileID: 0}
    - target: {fileID: 868485199059142966, guid: 8db4af41708c18a4288e6f31bfd1a58a, type: 3}
      propertyPath: bottomLeftTextBounds.y
      value: 14
      objectReference: {fileID: 0}
    - target: {fileID: 868485199059142966, guid: 8db4af41708c18a4288e6f31bfd1a58a, type: 3}
      propertyPath: bottomRightTextBounds.x
      value: 31.666626
      objectReference: {fileID: 0}
    - target: {fileID: 868485199059142966, guid: 8db4af41708c18a4288e6f31bfd1a58a, type: 3}
      propertyPath: bottomRightTextBounds.y
      value: 14
      objectReference: {fileID: 0}
    - target: {fileID: 868485199059142966, guid: 8db4af41708c18a4288e6f31bfd1a58a, type: 3}
      propertyPath: finalCenterTextBounds.x
      value: -16.333374
      objectReference: {fileID: 0}
    - target: {fileID: 868485199059142966, guid: 8db4af41708c18a4288e6f31bfd1a58a, type: 3}
      propertyPath: finalCenterTextBounds.y
      value: 25
      objectReference: {fileID: 0}
    - target: {fileID: 868485199059142966, guid: 8db4af41708c18a4288e6f31bfd1a58a, type: 3}
      propertyPath: finalTopLeftTextBounds.x
      value: -64.333374
      objectReference: {fileID: 0}
    - target: {fileID: 868485199059142966, guid: 8db4af41708c18a4288e6f31bfd1a58a, type: 3}
      propertyPath: finalTopLeftTextBounds.y
      value: 36
      objectReference: {fileID: 0}
    - target: {fileID: 868485199059142966, guid: 8db4af41708c18a4288e6f31bfd1a58a, type: 3}
      propertyPath: info.Array.data[1].pos.x
      value: 19.5
      objectReference: {fileID: 0}
    - target: {fileID: 868485199059142966, guid: 8db4af41708c18a4288e6f31bfd1a58a, type: 3}
      propertyPath: info.Array.data[2].pos.x
      value: 37.5
      objectReference: {fileID: 0}
    - target: {fileID: 868485199059142966, guid: 8db4af41708c18a4288e6f31bfd1a58a, type: 3}
      propertyPath: info.Array.data[3].pos.x
      value: 54
      objectReference: {fileID: 0}
    - target: {fileID: 868485199059142966, guid: 8db4af41708c18a4288e6f31bfd1a58a, type: 3}
      propertyPath: info.Array.data[4].pos.x
      value: 66
      objectReference: {fileID: 0}
    - target: {fileID: 868485199059142966, guid: 8db4af41708c18a4288e6f31bfd1a58a, type: 3}
      propertyPath: info.Array.data[5].pos.x
      value: 91.5
      objectReference: {fileID: 0}
    - target: {fileID: 868485199059142966, guid: 8db4af41708c18a4288e6f31bfd1a58a, type: 3}
      propertyPath: info.Array.data[6].pos.x
      value: 100.5
      objectReference: {fileID: 0}
    - target: {fileID: 868485199059142966, guid: 8db4af41708c18a4288e6f31bfd1a58a, type: 3}
      propertyPath: info.Array.data[7].pos.x
      value: 108
      objectReference: {fileID: 0}
    - target: {fileID: 868485199059142966, guid: 8db4af41708c18a4288e6f31bfd1a58a, type: 3}
      propertyPath: info.Array.data[8].pos.x
      value: 126
      objectReference: {fileID: 0}
    - target: {fileID: 868485199059142966, guid: 8db4af41708c18a4288e6f31bfd1a58a, type: 3}
      propertyPath: finalTopRightTextBounds.x
      value: 31.666626
      objectReference: {fileID: 0}
    - target: {fileID: 868485199059142966, guid: 8db4af41708c18a4288e6f31bfd1a58a, type: 3}
      propertyPath: finalTopRightTextBounds.y
      value: 36
      objectReference: {fileID: 0}
    - target: {fileID: 868485199059142966, guid: 8db4af41708c18a4288e6f31bfd1a58a, type: 3}
      propertyPath: info.Array.data[0].chSize
      value: 22
      objectReference: {fileID: 0}
    - target: {fileID: 868485199059142966, guid: 8db4af41708c18a4288e6f31bfd1a58a, type: 3}
      propertyPath: info.Array.data[1].chSize
      value: 22
      objectReference: {fileID: 0}
    - target: {fileID: 868485199059142966, guid: 8db4af41708c18a4288e6f31bfd1a58a, type: 3}
      propertyPath: info.Array.data[2].chSize
      value: 22
      objectReference: {fileID: 0}
    - target: {fileID: 868485199059142966, guid: 8db4af41708c18a4288e6f31bfd1a58a, type: 3}
      propertyPath: info.Array.data[3].chSize
      value: 22
      objectReference: {fileID: 0}
    - target: {fileID: 868485199059142966, guid: 8db4af41708c18a4288e6f31bfd1a58a, type: 3}
      propertyPath: info.Array.data[4].chSize
      value: 22
      objectReference: {fileID: 0}
    - target: {fileID: 868485199059142966, guid: 8db4af41708c18a4288e6f31bfd1a58a, type: 3}
      propertyPath: info.Array.data[5].chSize
      value: 22
      objectReference: {fileID: 0}
    - target: {fileID: 868485199059142966, guid: 8db4af41708c18a4288e6f31bfd1a58a, type: 3}
      propertyPath: info.Array.data[6].chSize
      value: 22
      objectReference: {fileID: 0}
    - target: {fileID: 868485199059142966, guid: 8db4af41708c18a4288e6f31bfd1a58a, type: 3}
      propertyPath: info.Array.data[7].chSize
      value: 22
      objectReference: {fileID: 0}
    - target: {fileID: 868485199059142966, guid: 8db4af41708c18a4288e6f31bfd1a58a, type: 3}
      propertyPath: info.Array.data[8].chSize
      value: 22
      objectReference: {fileID: 0}
    - target: {fileID: 868485199059142966, guid: 8db4af41708c18a4288e6f31bfd1a58a, type: 3}
      propertyPath: rawBottomRightTextBounds.x
      value: 144
      objectReference: {fileID: 0}
    - target: {fileID: 868485199059142966, guid: 8db4af41708c18a4288e6f31bfd1a58a, type: 3}
      propertyPath: finalBottomLeftTextBounds.x
      value: -64.333374
      objectReference: {fileID: 0}
    - target: {fileID: 868485199059142966, guid: 8db4af41708c18a4288e6f31bfd1a58a, type: 3}
      propertyPath: finalBottomLeftTextBounds.y
      value: 14
      objectReference: {fileID: 0}
    - target: {fileID: 868485199059142966, guid: 8db4af41708c18a4288e6f31bfd1a58a, type: 3}
      propertyPath: finalBottomRightTextBounds.x
      value: 31.666626
      objectReference: {fileID: 0}
    - target: {fileID: 868485199059142966, guid: 8db4af41708c18a4288e6f31bfd1a58a, type: 3}
      propertyPath: finalBottomRightTextBounds.y
      value: 14
      objectReference: {fileID: 0}
    - target: {fileID: 868485199059142966, guid: 8db4af41708c18a4288e6f31bfd1a58a, type: 3}
      propertyPath: unwrappedBottomRightTextBounds.x
      value: 144
      objectReference: {fileID: 0}
    - target: {fileID: 1821568141026798112, guid: 8db4af41708c18a4288e6f31bfd1a58a, type: 3}
      propertyPath: m_AnchoredPosition.y
      value: -58
      objectReference: {fileID: 0}
    - target: {fileID: 1885838313035113102, guid: 8db4af41708c18a4288e6f31bfd1a58a, type: 3}
      propertyPath: m_AnchoredPosition.y
      value: -20
      objectReference: {fileID: 0}
    - target: {fileID: 2000386203495092449, guid: 8db4af41708c18a4288e6f31bfd1a58a, type: 3}
      propertyPath: m_Pivot.y
      value: 0
      objectReference: {fileID: 0}
    - target: {fileID: 2000386203495092449, guid: 8db4af41708c18a4288e6f31bfd1a58a, type: 3}
      propertyPath: m_AnchorMax.y
      value: 0
      objectReference: {fileID: 0}
    - target: {fileID: 2000386203495092449, guid: 8db4af41708c18a4288e6f31bfd1a58a, type: 3}
      propertyPath: m_AnchorMin.y
      value: 0
      objectReference: {fileID: 0}
    - target: {fileID: 2000386203495092449, guid: 8db4af41708c18a4288e6f31bfd1a58a, type: 3}
      propertyPath: m_AnchoredPosition.x
      value: 141
      objectReference: {fileID: 0}
    - target: {fileID: 2000386203495092449, guid: 8db4af41708c18a4288e6f31bfd1a58a, type: 3}
      propertyPath: m_AnchoredPosition.y
      value: 24
      objectReference: {fileID: 0}
    - target: {fileID: 2055699155176972596, guid: 8db4af41708c18a4288e6f31bfd1a58a, type: 3}
      propertyPath: m_AnchoredPosition.x
      value: 141
      objectReference: {fileID: 0}
    - target: {fileID: 2055699155176972596, guid: 8db4af41708c18a4288e6f31bfd1a58a, type: 3}
      propertyPath: m_AnchoredPosition.y
      value: 24
      objectReference: {fileID: 0}
    - target: {fileID: 3340721076508817210, guid: 8db4af41708c18a4288e6f31bfd1a58a, type: 3}
      propertyPath: m_Sprite
      value: 
      objectReference: {fileID: 7550276082723705308, guid: 36ec086367ec40244b9c944dd189a940, type: 3}
    - target: {fileID: 3340721076508817211, guid: 8db4af41708c18a4288e6f31bfd1a58a, type: 3}
      propertyPath: m_SpriteState.m_PressedSprite
      value: 
      objectReference: {fileID: 7206617118896954583, guid: 36ec086367ec40244b9c944dd189a940, type: 3}
    - target: {fileID: 3340721076508817211, guid: 8db4af41708c18a4288e6f31bfd1a58a, type: 3}
      propertyPath: m_SpriteState.m_DisabledSprite
      value: 
      objectReference: {fileID: -1995104992447016203, guid: 36ec086367ec40244b9c944dd189a940, type: 3}
    - target: {fileID: 3340721076508817211, guid: 8db4af41708c18a4288e6f31bfd1a58a, type: 3}
      propertyPath: m_SpriteState.m_SelectedSprite
      value: 
      objectReference: {fileID: 7206617118896954583, guid: 36ec086367ec40244b9c944dd189a940, type: 3}
    - target: {fileID: 3340721076508817211, guid: 8db4af41708c18a4288e6f31bfd1a58a, type: 3}
      propertyPath: m_SpriteState.m_HighlightedSprite
      value: 
      objectReference: {fileID: 7206617118896954583, guid: 36ec086367ec40244b9c944dd189a940, type: 3}
    - target: {fileID: 3340721076508817212, guid: 8db4af41708c18a4288e6f31bfd1a58a, type: 3}
      propertyPath: m_Pivot.x
      value: 0.5
      objectReference: {fileID: 0}
    - target: {fileID: 3340721076508817212, guid: 8db4af41708c18a4288e6f31bfd1a58a, type: 3}
      propertyPath: m_Pivot.y
      value: 0.5
      objectReference: {fileID: 0}
    - target: {fileID: 3340721076508817212, guid: 8db4af41708c18a4288e6f31bfd1a58a, type: 3}
      propertyPath: m_RootOrder
      value: 0
      objectReference: {fileID: 0}
    - target: {fileID: 3340721076508817212, guid: 8db4af41708c18a4288e6f31bfd1a58a, type: 3}
      propertyPath: m_AnchorMax.x
      value: 0
      objectReference: {fileID: 0}
    - target: {fileID: 3340721076508817212, guid: 8db4af41708c18a4288e6f31bfd1a58a, type: 3}
      propertyPath: m_AnchorMax.y
      value: 0
      objectReference: {fileID: 0}
    - target: {fileID: 3340721076508817212, guid: 8db4af41708c18a4288e6f31bfd1a58a, type: 3}
      propertyPath: m_AnchorMin.x
      value: 0
      objectReference: {fileID: 0}
    - target: {fileID: 3340721076508817212, guid: 8db4af41708c18a4288e6f31bfd1a58a, type: 3}
      propertyPath: m_AnchorMin.y
      value: 0
      objectReference: {fileID: 0}
    - target: {fileID: 3340721076508817212, guid: 8db4af41708c18a4288e6f31bfd1a58a, type: 3}
      propertyPath: m_SizeDelta.x
      value: 475
      objectReference: {fileID: 0}
    - target: {fileID: 3340721076508817212, guid: 8db4af41708c18a4288e6f31bfd1a58a, type: 3}
      propertyPath: m_SizeDelta.y
      value: 148
      objectReference: {fileID: 0}
    - target: {fileID: 3340721076508817212, guid: 8db4af41708c18a4288e6f31bfd1a58a, type: 3}
      propertyPath: m_LocalPosition.x
      value: 0
      objectReference: {fileID: 0}
    - target: {fileID: 3340721076508817212, guid: 8db4af41708c18a4288e6f31bfd1a58a, type: 3}
      propertyPath: m_LocalPosition.y
      value: 0
      objectReference: {fileID: 0}
    - target: {fileID: 3340721076508817212, guid: 8db4af41708c18a4288e6f31bfd1a58a, type: 3}
      propertyPath: m_LocalPosition.z
      value: 0
      objectReference: {fileID: 0}
    - target: {fileID: 3340721076508817212, guid: 8db4af41708c18a4288e6f31bfd1a58a, type: 3}
      propertyPath: m_LocalRotation.w
      value: 1
      objectReference: {fileID: 0}
    - target: {fileID: 3340721076508817212, guid: 8db4af41708c18a4288e6f31bfd1a58a, type: 3}
      propertyPath: m_LocalRotation.x
      value: 0
      objectReference: {fileID: 0}
    - target: {fileID: 3340721076508817212, guid: 8db4af41708c18a4288e6f31bfd1a58a, type: 3}
      propertyPath: m_LocalRotation.y
      value: 0
      objectReference: {fileID: 0}
    - target: {fileID: 3340721076508817212, guid: 8db4af41708c18a4288e6f31bfd1a58a, type: 3}
      propertyPath: m_LocalRotation.z
      value: 0
      objectReference: {fileID: 0}
    - target: {fileID: 3340721076508817212, guid: 8db4af41708c18a4288e6f31bfd1a58a, type: 3}
      propertyPath: m_AnchoredPosition.x
      value: 0
      objectReference: {fileID: 0}
    - target: {fileID: 3340721076508817212, guid: 8db4af41708c18a4288e6f31bfd1a58a, type: 3}
      propertyPath: m_AnchoredPosition.y
      value: 0
      objectReference: {fileID: 0}
    - target: {fileID: 3340721076508817212, guid: 8db4af41708c18a4288e6f31bfd1a58a, type: 3}
      propertyPath: m_LocalEulerAnglesHint.x
      value: 0
      objectReference: {fileID: 0}
    - target: {fileID: 3340721076508817212, guid: 8db4af41708c18a4288e6f31bfd1a58a, type: 3}
      propertyPath: m_LocalEulerAnglesHint.y
      value: 0
      objectReference: {fileID: 0}
    - target: {fileID: 3340721076508817212, guid: 8db4af41708c18a4288e6f31bfd1a58a, type: 3}
      propertyPath: m_LocalEulerAnglesHint.z
      value: 0
      objectReference: {fileID: 0}
    - target: {fileID: 3340721076508817213, guid: 8db4af41708c18a4288e6f31bfd1a58a, type: 3}
      propertyPath: m_Name
      value: InventoryPartyButton
      objectReference: {fileID: 0}
    - target: {fileID: 3704182620768995970, guid: 8db4af41708c18a4288e6f31bfd1a58a, type: 3}
      propertyPath: quality
      value: 18
      objectReference: {fileID: 0}
    - target: {fileID: 3704182620768995970, guid: 8db4af41708c18a4288e6f31bfd1a58a, type: 3}
      propertyPath: _color.b
      value: 0.20392157
      objectReference: {fileID: 0}
    - target: {fileID: 3704182620768995970, guid: 8db4af41708c18a4288e6f31bfd1a58a, type: 3}
      propertyPath: _color.g
      value: 0.3137255
      objectReference: {fileID: 0}
    - target: {fileID: 3704182620768995970, guid: 8db4af41708c18a4288e6f31bfd1a58a, type: 3}
      propertyPath: _color.r
      value: 0.45882353
      objectReference: {fileID: 0}
    - target: {fileID: 3704182620768995970, guid: 8db4af41708c18a4288e6f31bfd1a58a, type: 3}
      propertyPath: textMesh
      value: 
      objectReference: {fileID: 0}
    - target: {fileID: 3704182620768995970, guid: 8db4af41708c18a4288e6f31bfd1a58a, type: 3}
      propertyPath: centerBounds.x
      value: 108.33333
      objectReference: {fileID: 0}
    - target: {fileID: 3704182620768995970, guid: 8db4af41708c18a4288e6f31bfd1a58a, type: 3}
      propertyPath: centerBounds.y
      value: -23.666687
      objectReference: {fileID: 0}
    - target: {fileID: 3704182620768995970, guid: 8db4af41708c18a4288e6f31bfd1a58a, type: 3}
      propertyPath: topLeftBounds.x
      value: 73
      objectReference: {fileID: 0}
    - target: {fileID: 3704182620768995970, guid: 8db4af41708c18a4288e6f31bfd1a58a, type: 3}
      propertyPath: topLeftBounds.y
      value: -12.666687
      objectReference: {fileID: 0}
    - target: {fileID: 3704182620768995970, guid: 8db4af41708c18a4288e6f31bfd1a58a, type: 3}
      propertyPath: topRightBounds.x
      value: 143.66666
      objectReference: {fileID: 0}
    - target: {fileID: 3704182620768995970, guid: 8db4af41708c18a4288e6f31bfd1a58a, type: 3}
      propertyPath: topRightBounds.y
      value: -12.666687
      objectReference: {fileID: 0}
    - target: {fileID: 3704182620768995970, guid: 8db4af41708c18a4288e6f31bfd1a58a, type: 3}
      propertyPath: bottomLeftBounds.x
      value: 73
      objectReference: {fileID: 0}
    - target: {fileID: 3704182620768995970, guid: 8db4af41708c18a4288e6f31bfd1a58a, type: 3}
      propertyPath: bottomLeftBounds.y
      value: -34.666687
      objectReference: {fileID: 0}
    - target: {fileID: 3704182620768995970, guid: 8db4af41708c18a4288e6f31bfd1a58a, type: 3}
      propertyPath: centerTextBounds.x
      value: 112.16664
      objectReference: {fileID: 0}
    - target: {fileID: 3704182620768995970, guid: 8db4af41708c18a4288e6f31bfd1a58a, type: 3}
      propertyPath: centerTextBounds.y
      value: -21.666687
      objectReference: {fileID: 0}
    - target: {fileID: 3704182620768995970, guid: 8db4af41708c18a4288e6f31bfd1a58a, type: 3}
      propertyPath: rawTopLeftBounds.y
      value: -33
      objectReference: {fileID: 0}
    - target: {fileID: 3704182620768995970, guid: 8db4af41708c18a4288e6f31bfd1a58a, type: 3}
      propertyPath: bottomRightBounds.x
      value: 143.66666
      objectReference: {fileID: 0}
    - target: {fileID: 3704182620768995970, guid: 8db4af41708c18a4288e6f31bfd1a58a, type: 3}
      propertyPath: bottomRightBounds.y
      value: -34.666687
      objectReference: {fileID: 0}
    - target: {fileID: 3704182620768995970, guid: 8db4af41708c18a4288e6f31bfd1a58a, type: 3}
      propertyPath: topLeftTextBounds.x
      value: 80.666626
      objectReference: {fileID: 0}
    - target: {fileID: 3704182620768995970, guid: 8db4af41708c18a4288e6f31bfd1a58a, type: 3}
      propertyPath: topLeftTextBounds.y
      value: -12.666687
      objectReference: {fileID: 0}
    - target: {fileID: 3704182620768995970, guid: 8db4af41708c18a4288e6f31bfd1a58a, type: 3}
      propertyPath: topRightTextBounds.x
      value: 143.66666
      objectReference: {fileID: 0}
    - target: {fileID: 3704182620768995970, guid: 8db4af41708c18a4288e6f31bfd1a58a, type: 3}
      propertyPath: topRightTextBounds.y
      value: -12.666687
      objectReference: {fileID: 0}
    - target: {fileID: 3704182620768995970, guid: 8db4af41708c18a4288e6f31bfd1a58a, type: 3}
      propertyPath: bottomLeftTextBounds.x
      value: 80.666626
      objectReference: {fileID: 0}
    - target: {fileID: 3704182620768995970, guid: 8db4af41708c18a4288e6f31bfd1a58a, type: 3}
      propertyPath: bottomLeftTextBounds.y
      value: -30.666687
      objectReference: {fileID: 0}
    - target: {fileID: 3704182620768995970, guid: 8db4af41708c18a4288e6f31bfd1a58a, type: 3}
      propertyPath: rawBottomRightBounds.y
      value: 0
      objectReference: {fileID: 0}
    - target: {fileID: 3704182620768995970, guid: 8db4af41708c18a4288e6f31bfd1a58a, type: 3}
      propertyPath: bottomRightTextBounds.x
      value: 143.66666
      objectReference: {fileID: 0}
    - target: {fileID: 3704182620768995970, guid: 8db4af41708c18a4288e6f31bfd1a58a, type: 3}
      propertyPath: bottomRightTextBounds.y
      value: -30.666687
      objectReference: {fileID: 0}
    - target: {fileID: 3704182620768995970, guid: 8db4af41708c18a4288e6f31bfd1a58a, type: 3}
      propertyPath: finalCenterTextBounds.x
      value: 112.16664
      objectReference: {fileID: 0}
    - target: {fileID: 3704182620768995970, guid: 8db4af41708c18a4288e6f31bfd1a58a, type: 3}
      propertyPath: finalCenterTextBounds.y
      value: -21.666687
      objectReference: {fileID: 0}
    - target: {fileID: 3704182620768995970, guid: 8db4af41708c18a4288e6f31bfd1a58a, type: 3}
      propertyPath: finalTopLeftTextBounds.x
      value: 80.666626
      objectReference: {fileID: 0}
    - target: {fileID: 3704182620768995970, guid: 8db4af41708c18a4288e6f31bfd1a58a, type: 3}
      propertyPath: finalTopLeftTextBounds.y
      value: -12.666687
      objectReference: {fileID: 0}
    - target: {fileID: 3704182620768995970, guid: 8db4af41708c18a4288e6f31bfd1a58a, type: 3}
      propertyPath: info.Array.data[0].pos.x
      value: -94.5
      objectReference: {fileID: 0}
    - target: {fileID: 3704182620768995970, guid: 8db4af41708c18a4288e6f31bfd1a58a, type: 3}
      propertyPath: info.Array.data[0].pos.y
      value: 6
      objectReference: {fileID: 0}
    - target: {fileID: 3704182620768995970, guid: 8db4af41708c18a4288e6f31bfd1a58a, type: 3}
      propertyPath: info.Array.data[1].pos.x
      value: -81
      objectReference: {fileID: 0}
    - target: {fileID: 3704182620768995970, guid: 8db4af41708c18a4288e6f31bfd1a58a, type: 3}
      propertyPath: info.Array.data[1].pos.y
      value: 6
      objectReference: {fileID: 0}
    - target: {fileID: 3704182620768995970, guid: 8db4af41708c18a4288e6f31bfd1a58a, type: 3}
      propertyPath: info.Array.data[2].pos.x
      value: -67.5
      objectReference: {fileID: 0}
    - target: {fileID: 3704182620768995970, guid: 8db4af41708c18a4288e6f31bfd1a58a, type: 3}
      propertyPath: info.Array.data[2].pos.y
      value: 6
      objectReference: {fileID: 0}
    - target: {fileID: 3704182620768995970, guid: 8db4af41708c18a4288e6f31bfd1a58a, type: 3}
      propertyPath: info.Array.data[3].pos.x
      value: -54
      objectReference: {fileID: 0}
    - target: {fileID: 3704182620768995970, guid: 8db4af41708c18a4288e6f31bfd1a58a, type: 3}
      propertyPath: info.Array.data[3].pos.y
      value: 6
      objectReference: {fileID: 0}
    - target: {fileID: 3704182620768995970, guid: 8db4af41708c18a4288e6f31bfd1a58a, type: 3}
      propertyPath: info.Array.data[4].pos.x
      value: -40.5
      objectReference: {fileID: 0}
    - target: {fileID: 3704182620768995970, guid: 8db4af41708c18a4288e6f31bfd1a58a, type: 3}
      propertyPath: info.Array.data[4].pos.y
      value: 6
      objectReference: {fileID: 0}
    - target: {fileID: 3704182620768995970, guid: 8db4af41708c18a4288e6f31bfd1a58a, type: 3}
      propertyPath: info.Array.data[5].pos.x
      value: -27
      objectReference: {fileID: 0}
    - target: {fileID: 3704182620768995970, guid: 8db4af41708c18a4288e6f31bfd1a58a, type: 3}
      propertyPath: info.Array.data[5].pos.y
      value: 6
      objectReference: {fileID: 0}
    - target: {fileID: 3704182620768995970, guid: 8db4af41708c18a4288e6f31bfd1a58a, type: 3}
      propertyPath: info.Array.data[6].pos.x
      value: -13.5
      objectReference: {fileID: 0}
    - target: {fileID: 3704182620768995970, guid: 8db4af41708c18a4288e6f31bfd1a58a, type: 3}
      propertyPath: info.Array.data[6].pos.y
      value: 6
      objectReference: {fileID: 0}
    - target: {fileID: 3704182620768995970, guid: 8db4af41708c18a4288e6f31bfd1a58a, type: 3}
      propertyPath: finalTopRightTextBounds.x
      value: 143.66666
      objectReference: {fileID: 0}
    - target: {fileID: 3704182620768995970, guid: 8db4af41708c18a4288e6f31bfd1a58a, type: 3}
      propertyPath: finalTopRightTextBounds.y
      value: -12.666687
      objectReference: {fileID: 0}
    - target: {fileID: 3704182620768995970, guid: 8db4af41708c18a4288e6f31bfd1a58a, type: 3}
      propertyPath: info.Array.data[0].chSize
      value: 18
      objectReference: {fileID: 0}
    - target: {fileID: 3704182620768995970, guid: 8db4af41708c18a4288e6f31bfd1a58a, type: 3}
      propertyPath: info.Array.data[1].chSize
      value: 18
      objectReference: {fileID: 0}
    - target: {fileID: 3704182620768995970, guid: 8db4af41708c18a4288e6f31bfd1a58a, type: 3}
      propertyPath: info.Array.data[2].chSize
      value: 18
      objectReference: {fileID: 0}
    - target: {fileID: 3704182620768995970, guid: 8db4af41708c18a4288e6f31bfd1a58a, type: 3}
      propertyPath: info.Array.data[3].chSize
      value: 18
      objectReference: {fileID: 0}
    - target: {fileID: 3704182620768995970, guid: 8db4af41708c18a4288e6f31bfd1a58a, type: 3}
      propertyPath: info.Array.data[4].chSize
      value: 18
      objectReference: {fileID: 0}
    - target: {fileID: 3704182620768995970, guid: 8db4af41708c18a4288e6f31bfd1a58a, type: 3}
      propertyPath: info.Array.data[5].chSize
      value: 18
      objectReference: {fileID: 0}
    - target: {fileID: 3704182620768995970, guid: 8db4af41708c18a4288e6f31bfd1a58a, type: 3}
      propertyPath: info.Array.data[6].chSize
      value: 18
      objectReference: {fileID: 0}
    - target: {fileID: 3704182620768995970, guid: 8db4af41708c18a4288e6f31bfd1a58a, type: 3}
      propertyPath: rawBottomRightTextBounds.x
      value: 94.5
      objectReference: {fileID: 0}
    - target: {fileID: 3704182620768995970, guid: 8db4af41708c18a4288e6f31bfd1a58a, type: 3}
      propertyPath: finalBottomLeftTextBounds.x
      value: 80.666626
      objectReference: {fileID: 0}
    - target: {fileID: 3704182620768995970, guid: 8db4af41708c18a4288e6f31bfd1a58a, type: 3}
      propertyPath: finalBottomLeftTextBounds.y
      value: -30.666687
      objectReference: {fileID: 0}
    - target: {fileID: 3704182620768995970, guid: 8db4af41708c18a4288e6f31bfd1a58a, type: 3}
      propertyPath: finalBottomRightTextBounds.x
      value: 143.66666
      objectReference: {fileID: 0}
    - target: {fileID: 3704182620768995970, guid: 8db4af41708c18a4288e6f31bfd1a58a, type: 3}
      propertyPath: finalBottomRightTextBounds.y
      value: -30.666687
      objectReference: {fileID: 0}
    - target: {fileID: 3704182620768995970, guid: 8db4af41708c18a4288e6f31bfd1a58a, type: 3}
      propertyPath: unwrappedBottomRightTextBounds.x
      value: 94.5
      objectReference: {fileID: 0}
    - target: {fileID: 4165855803253455544, guid: 8db4af41708c18a4288e6f31bfd1a58a, type: 3}
      propertyPath: m_Pivot.y
      value: 0
      objectReference: {fileID: 0}
    - target: {fileID: 4165855803253455544, guid: 8db4af41708c18a4288e6f31bfd1a58a, type: 3}
      propertyPath: m_AnchorMax.y
      value: 0
      objectReference: {fileID: 0}
    - target: {fileID: 4165855803253455544, guid: 8db4af41708c18a4288e6f31bfd1a58a, type: 3}
      propertyPath: m_AnchorMin.y
      value: 0
      objectReference: {fileID: 0}
    - target: {fileID: 4165855803253455544, guid: 8db4af41708c18a4288e6f31bfd1a58a, type: 3}
      propertyPath: m_AnchoredPosition.x
      value: -22
      objectReference: {fileID: 0}
    - target: {fileID: 4165855803253455544, guid: 8db4af41708c18a4288e6f31bfd1a58a, type: 3}
      propertyPath: m_AnchoredPosition.y
      value: 22
      objectReference: {fileID: 0}
    - target: {fileID: 4736449432523241693, guid: 8db4af41708c18a4288e6f31bfd1a58a, type: 3}
      propertyPath: quality
      value: 18
      objectReference: {fileID: 0}
    - target: {fileID: 4736449432523241693, guid: 8db4af41708c18a4288e6f31bfd1a58a, type: 3}
      propertyPath: _color.b
      value: 0.20392157
      objectReference: {fileID: 0}
    - target: {fileID: 4736449432523241693, guid: 8db4af41708c18a4288e6f31bfd1a58a, type: 3}
      propertyPath: _color.g
      value: 0.3137255
      objectReference: {fileID: 0}
    - target: {fileID: 4736449432523241693, guid: 8db4af41708c18a4288e6f31bfd1a58a, type: 3}
      propertyPath: _color.r
      value: 0.45882353
      objectReference: {fileID: 0}
    - target: {fileID: 4736449432523241693, guid: 8db4af41708c18a4288e6f31bfd1a58a, type: 3}
      propertyPath: textMesh
      value: 
      objectReference: {fileID: 0}
    - target: {fileID: 4736449432523241693, guid: 8db4af41708c18a4288e6f31bfd1a58a, type: 3}
      propertyPath: centerBounds.x
      value: 25.666626
      objectReference: {fileID: 0}
    - target: {fileID: 4736449432523241693, guid: 8db4af41708c18a4288e6f31bfd1a58a, type: 3}
      propertyPath: centerBounds.y
      value: -0.3333435
      objectReference: {fileID: 0}
    - target: {fileID: 4736449432523241693, guid: 8db4af41708c18a4288e6f31bfd1a58a, type: 3}
      propertyPath: topLeftBounds.x
      value: -64.333374
      objectReference: {fileID: 0}
    - target: {fileID: 4736449432523241693, guid: 8db4af41708c18a4288e6f31bfd1a58a, type: 3}
      propertyPath: topLeftBounds.y
      value: 10.6666565
      objectReference: {fileID: 0}
    - target: {fileID: 4736449432523241693, guid: 8db4af41708c18a4288e6f31bfd1a58a, type: 3}
      propertyPath: topRightBounds.x
      value: 115.666626
      objectReference: {fileID: 0}
    - target: {fileID: 4736449432523241693, guid: 8db4af41708c18a4288e6f31bfd1a58a, type: 3}
      propertyPath: topRightBounds.y
      value: 10.6666565
      objectReference: {fileID: 0}
    - target: {fileID: 4736449432523241693, guid: 8db4af41708c18a4288e6f31bfd1a58a, type: 3}
      propertyPath: bottomLeftBounds.x
      value: -64.333374
      objectReference: {fileID: 0}
    - target: {fileID: 4736449432523241693, guid: 8db4af41708c18a4288e6f31bfd1a58a, type: 3}
      propertyPath: bottomLeftBounds.y
      value: -11.3333435
      objectReference: {fileID: 0}
    - target: {fileID: 4736449432523241693, guid: 8db4af41708c18a4288e6f31bfd1a58a, type: 3}
      propertyPath: centerTextBounds.x
      value: -46.333374
      objectReference: {fileID: 0}
    - target: {fileID: 4736449432523241693, guid: 8db4af41708c18a4288e6f31bfd1a58a, type: 3}
      propertyPath: centerTextBounds.y
      value: 1.6666565
      objectReference: {fileID: 0}
    - target: {fileID: 4736449432523241693, guid: 8db4af41708c18a4288e6f31bfd1a58a, type: 3}
      propertyPath: bottomRightBounds.x
      value: 115.666626
      objectReference: {fileID: 0}
    - target: {fileID: 4736449432523241693, guid: 8db4af41708c18a4288e6f31bfd1a58a, type: 3}
      propertyPath: bottomRightBounds.y
      value: -11.3333435
      objectReference: {fileID: 0}
    - target: {fileID: 4736449432523241693, guid: 8db4af41708c18a4288e6f31bfd1a58a, type: 3}
      propertyPath: topLeftTextBounds.x
      value: -64.333374
      objectReference: {fileID: 0}
    - target: {fileID: 4736449432523241693, guid: 8db4af41708c18a4288e6f31bfd1a58a, type: 3}
      propertyPath: topLeftTextBounds.y
      value: 10.6666565
      objectReference: {fileID: 0}
    - target: {fileID: 4736449432523241693, guid: 8db4af41708c18a4288e6f31bfd1a58a, type: 3}
      propertyPath: topRightTextBounds.x
      value: -28.333374
      objectReference: {fileID: 0}
    - target: {fileID: 4736449432523241693, guid: 8db4af41708c18a4288e6f31bfd1a58a, type: 3}
      propertyPath: topRightTextBounds.y
      value: 10.6666565
      objectReference: {fileID: 0}
    - target: {fileID: 4736449432523241693, guid: 8db4af41708c18a4288e6f31bfd1a58a, type: 3}
      propertyPath: bottomLeftTextBounds.x
      value: -64.333374
      objectReference: {fileID: 0}
    - target: {fileID: 4736449432523241693, guid: 8db4af41708c18a4288e6f31bfd1a58a, type: 3}
      propertyPath: bottomLeftTextBounds.y
      value: -7.3333435
      objectReference: {fileID: 0}
    - target: {fileID: 4736449432523241693, guid: 8db4af41708c18a4288e6f31bfd1a58a, type: 3}
      propertyPath: bottomRightTextBounds.x
      value: -28.333374
      objectReference: {fileID: 0}
    - target: {fileID: 4736449432523241693, guid: 8db4af41708c18a4288e6f31bfd1a58a, type: 3}
      propertyPath: bottomRightTextBounds.y
      value: -7.3333435
      objectReference: {fileID: 0}
    - target: {fileID: 4736449432523241693, guid: 8db4af41708c18a4288e6f31bfd1a58a, type: 3}
      propertyPath: finalCenterTextBounds.x
      value: -46.333374
      objectReference: {fileID: 0}
    - target: {fileID: 4736449432523241693, guid: 8db4af41708c18a4288e6f31bfd1a58a, type: 3}
      propertyPath: finalCenterTextBounds.y
      value: 1.6666565
      objectReference: {fileID: 0}
    - target: {fileID: 4736449432523241693, guid: 8db4af41708c18a4288e6f31bfd1a58a, type: 3}
      propertyPath: finalTopLeftTextBounds.x
      value: -64.333374
      objectReference: {fileID: 0}
    - target: {fileID: 4736449432523241693, guid: 8db4af41708c18a4288e6f31bfd1a58a, type: 3}
      propertyPath: finalTopLeftTextBounds.y
      value: 10.6666565
      objectReference: {fileID: 0}
    - target: {fileID: 4736449432523241693, guid: 8db4af41708c18a4288e6f31bfd1a58a, type: 3}
      propertyPath: info.Array.data[1].pos.x
      value: 13.5
      objectReference: {fileID: 0}
    - target: {fileID: 4736449432523241693, guid: 8db4af41708c18a4288e6f31bfd1a58a, type: 3}
      propertyPath: info.Array.data[2].pos.x
      value: 24
      objectReference: {fileID: 0}
    - target: {fileID: 4736449432523241693, guid: 8db4af41708c18a4288e6f31bfd1a58a, type: 3}
      propertyPath: info.Array.data[3].pos.x
      value: 37.5
      objectReference: {fileID: 0}
    - target: {fileID: 4736449432523241693, guid: 8db4af41708c18a4288e6f31bfd1a58a, type: 3}
      propertyPath: finalTopRightTextBounds.x
      value: -28.333374
      objectReference: {fileID: 0}
    - target: {fileID: 4736449432523241693, guid: 8db4af41708c18a4288e6f31bfd1a58a, type: 3}
      propertyPath: finalTopRightTextBounds.y
      value: 10.6666565
      objectReference: {fileID: 0}
    - target: {fileID: 4736449432523241693, guid: 8db4af41708c18a4288e6f31bfd1a58a, type: 3}
      propertyPath: info.Array.data[0].chSize
      value: 18
      objectReference: {fileID: 0}
    - target: {fileID: 4736449432523241693, guid: 8db4af41708c18a4288e6f31bfd1a58a, type: 3}
      propertyPath: info.Array.data[1].chSize
      value: 18
      objectReference: {fileID: 0}
    - target: {fileID: 4736449432523241693, guid: 8db4af41708c18a4288e6f31bfd1a58a, type: 3}
      propertyPath: info.Array.data[2].chSize
      value: 18
      objectReference: {fileID: 0}
    - target: {fileID: 4736449432523241693, guid: 8db4af41708c18a4288e6f31bfd1a58a, type: 3}
      propertyPath: info.Array.data[3].chSize
      value: 18
      objectReference: {fileID: 0}
    - target: {fileID: 4736449432523241693, guid: 8db4af41708c18a4288e6f31bfd1a58a, type: 3}
      propertyPath: rawBottomRightTextBounds.x
      value: 54
      objectReference: {fileID: 0}
    - target: {fileID: 4736449432523241693, guid: 8db4af41708c18a4288e6f31bfd1a58a, type: 3}
      propertyPath: finalBottomLeftTextBounds.x
      value: -64.333374
      objectReference: {fileID: 0}
    - target: {fileID: 4736449432523241693, guid: 8db4af41708c18a4288e6f31bfd1a58a, type: 3}
      propertyPath: finalBottomLeftTextBounds.y
      value: -7.3333435
      objectReference: {fileID: 0}
    - target: {fileID: 4736449432523241693, guid: 8db4af41708c18a4288e6f31bfd1a58a, type: 3}
      propertyPath: finalBottomRightTextBounds.x
      value: -28.333374
      objectReference: {fileID: 0}
    - target: {fileID: 4736449432523241693, guid: 8db4af41708c18a4288e6f31bfd1a58a, type: 3}
      propertyPath: finalBottomRightTextBounds.y
      value: -7.3333435
      objectReference: {fileID: 0}
    - target: {fileID: 4736449432523241693, guid: 8db4af41708c18a4288e6f31bfd1a58a, type: 3}
      propertyPath: unwrappedBottomRightTextBounds.x
      value: 54
      objectReference: {fileID: 0}
    - target: {fileID: 5383131202062554225, guid: 8db4af41708c18a4288e6f31bfd1a58a, type: 3}
      propertyPath: m_Sprite
      value: 
      objectReference: {fileID: -3831435474865587885, guid: 36ec086367ec40244b9c944dd189a940, type: 3}
    - target: {fileID: 6918295171023537751, guid: 8db4af41708c18a4288e6f31bfd1a58a, type: 3}
      propertyPath: m_Pivot.y
      value: 0.5
      objectReference: {fileID: 0}
    - target: {fileID: 6918295171023537751, guid: 8db4af41708c18a4288e6f31bfd1a58a, type: 3}
      propertyPath: m_AnchorMax.y
      value: 0.5
      objectReference: {fileID: 0}
    - target: {fileID: 6918295171023537751, guid: 8db4af41708c18a4288e6f31bfd1a58a, type: 3}
      propertyPath: m_AnchorMin.y
      value: 0.5
      objectReference: {fileID: 0}
    - target: {fileID: 6918295171023537751, guid: 8db4af41708c18a4288e6f31bfd1a58a, type: 3}
      propertyPath: m_AnchoredPosition.y
      value: 0
      objectReference: {fileID: 0}
    - target: {fileID: 7041942185997927243, guid: 8db4af41708c18a4288e6f31bfd1a58a, type: 3}
      propertyPath: quality
      value: 22
      objectReference: {fileID: 0}
    - target: {fileID: 7041942185997927243, guid: 8db4af41708c18a4288e6f31bfd1a58a, type: 3}
      propertyPath: _color.b
      value: 0.20392157
      objectReference: {fileID: 0}
    - target: {fileID: 7041942185997927243, guid: 8db4af41708c18a4288e6f31bfd1a58a, type: 3}
      propertyPath: _color.g
      value: 0.3137255
      objectReference: {fileID: 0}
    - target: {fileID: 7041942185997927243, guid: 8db4af41708c18a4288e6f31bfd1a58a, type: 3}
      propertyPath: _color.r
      value: 0.45882353
      objectReference: {fileID: 0}
    - target: {fileID: 7041942185997927243, guid: 8db4af41708c18a4288e6f31bfd1a58a, type: 3}
      propertyPath: textMesh
      value: 
      objectReference: {fileID: 0}
    - target: {fileID: 7041942185997927243, guid: 8db4af41708c18a4288e6f31bfd1a58a, type: 3}
      propertyPath: baseOffset.y
      value: 4
      objectReference: {fileID: 0}
    - target: {fileID: 7041942185997927243, guid: 8db4af41708c18a4288e6f31bfd1a58a, type: 3}
      propertyPath: centerBounds.x
      value: 129.66664
      objectReference: {fileID: 0}
    - target: {fileID: 7041942185997927243, guid: 8db4af41708c18a4288e6f31bfd1a58a, type: 3}
      propertyPath: centerBounds.y
      value: 25
      objectReference: {fileID: 0}
    - target: {fileID: 7041942185997927243, guid: 8db4af41708c18a4288e6f31bfd1a58a, type: 3}
      propertyPath: topLeftBounds.x
      value: 115.666626
      objectReference: {fileID: 0}
    - target: {fileID: 7041942185997927243, guid: 8db4af41708c18a4288e6f31bfd1a58a, type: 3}
      propertyPath: topLeftBounds.y
      value: 36
      objectReference: {fileID: 0}
    - target: {fileID: 7041942185997927243, guid: 8db4af41708c18a4288e6f31bfd1a58a, type: 3}
      propertyPath: topRightBounds.x
      value: 143.66666
      objectReference: {fileID: 0}
    - target: {fileID: 7041942185997927243, guid: 8db4af41708c18a4288e6f31bfd1a58a, type: 3}
      propertyPath: topRightBounds.y
      value: 36
      objectReference: {fileID: 0}
    - target: {fileID: 7041942185997927243, guid: 8db4af41708c18a4288e6f31bfd1a58a, type: 3}
      propertyPath: bottomLeftBounds.x
      value: 115.666626
      objectReference: {fileID: 0}
    - target: {fileID: 7041942185997927243, guid: 8db4af41708c18a4288e6f31bfd1a58a, type: 3}
      propertyPath: bottomLeftBounds.y
      value: 14
      objectReference: {fileID: 0}
    - target: {fileID: 7041942185997927243, guid: 8db4af41708c18a4288e6f31bfd1a58a, type: 3}
      propertyPath: centerTextBounds.x
      value: 135.66664
      objectReference: {fileID: 0}
    - target: {fileID: 7041942185997927243, guid: 8db4af41708c18a4288e6f31bfd1a58a, type: 3}
      propertyPath: centerTextBounds.y
      value: 25
      objectReference: {fileID: 0}
    - target: {fileID: 7041942185997927243, guid: 8db4af41708c18a4288e6f31bfd1a58a, type: 3}
      propertyPath: bottomRightBounds.x
      value: 143.66666
      objectReference: {fileID: 0}
    - target: {fileID: 7041942185997927243, guid: 8db4af41708c18a4288e6f31bfd1a58a, type: 3}
      propertyPath: bottomRightBounds.y
      value: 14
      objectReference: {fileID: 0}
    - target: {fileID: 7041942185997927243, guid: 8db4af41708c18a4288e6f31bfd1a58a, type: 3}
      propertyPath: topLeftTextBounds.x
      value: 127.666626
      objectReference: {fileID: 0}
    - target: {fileID: 7041942185997927243, guid: 8db4af41708c18a4288e6f31bfd1a58a, type: 3}
      propertyPath: topLeftTextBounds.y
      value: 36
      objectReference: {fileID: 0}
    - target: {fileID: 7041942185997927243, guid: 8db4af41708c18a4288e6f31bfd1a58a, type: 3}
      propertyPath: topRightTextBounds.x
      value: 143.66666
      objectReference: {fileID: 0}
    - target: {fileID: 7041942185997927243, guid: 8db4af41708c18a4288e6f31bfd1a58a, type: 3}
      propertyPath: topRightTextBounds.y
      value: 36
      objectReference: {fileID: 0}
    - target: {fileID: 7041942185997927243, guid: 8db4af41708c18a4288e6f31bfd1a58a, type: 3}
      propertyPath: bottomLeftTextBounds.x
      value: 127.666626
      objectReference: {fileID: 0}
    - target: {fileID: 7041942185997927243, guid: 8db4af41708c18a4288e6f31bfd1a58a, type: 3}
      propertyPath: bottomLeftTextBounds.y
      value: 14
      objectReference: {fileID: 0}
    - target: {fileID: 7041942185997927243, guid: 8db4af41708c18a4288e6f31bfd1a58a, type: 3}
      propertyPath: bottomRightTextBounds.x
      value: 143.66666
      objectReference: {fileID: 0}
    - target: {fileID: 7041942185997927243, guid: 8db4af41708c18a4288e6f31bfd1a58a, type: 3}
      propertyPath: bottomRightTextBounds.y
      value: 14
      objectReference: {fileID: 0}
    - target: {fileID: 7041942185997927243, guid: 8db4af41708c18a4288e6f31bfd1a58a, type: 3}
      propertyPath: finalCenterTextBounds.x
      value: 135.66664
      objectReference: {fileID: 0}
    - target: {fileID: 7041942185997927243, guid: 8db4af41708c18a4288e6f31bfd1a58a, type: 3}
      propertyPath: finalCenterTextBounds.y
      value: 25
      objectReference: {fileID: 0}
    - target: {fileID: 7041942185997927243, guid: 8db4af41708c18a4288e6f31bfd1a58a, type: 3}
      propertyPath: finalTopLeftTextBounds.x
      value: 127.666626
      objectReference: {fileID: 0}
    - target: {fileID: 7041942185997927243, guid: 8db4af41708c18a4288e6f31bfd1a58a, type: 3}
      propertyPath: finalTopLeftTextBounds.y
      value: 36
      objectReference: {fileID: 0}
    - target: {fileID: 7041942185997927243, guid: 8db4af41708c18a4288e6f31bfd1a58a, type: 3}
      propertyPath: info.Array.data[0].pos.x
      value: -24
      objectReference: {fileID: 0}
    - target: {fileID: 7041942185997927243, guid: 8db4af41708c18a4288e6f31bfd1a58a, type: 3}
      propertyPath: finalTopRightTextBounds.x
      value: 143.66666
      objectReference: {fileID: 0}
    - target: {fileID: 7041942185997927243, guid: 8db4af41708c18a4288e6f31bfd1a58a, type: 3}
      propertyPath: finalTopRightTextBounds.y
      value: 36
      objectReference: {fileID: 0}
    - target: {fileID: 7041942185997927243, guid: 8db4af41708c18a4288e6f31bfd1a58a, type: 3}
      propertyPath: info.Array.data[0].chSize
      value: 22
      objectReference: {fileID: 0}
    - target: {fileID: 7041942185997927243, guid: 8db4af41708c18a4288e6f31bfd1a58a, type: 3}
      propertyPath: rawBottomRightTextBounds.x
      value: 24
      objectReference: {fileID: 0}
    - target: {fileID: 7041942185997927243, guid: 8db4af41708c18a4288e6f31bfd1a58a, type: 3}
      propertyPath: finalBottomLeftTextBounds.x
      value: 127.666626
      objectReference: {fileID: 0}
    - target: {fileID: 7041942185997927243, guid: 8db4af41708c18a4288e6f31bfd1a58a, type: 3}
      propertyPath: finalBottomLeftTextBounds.y
      value: 14
      objectReference: {fileID: 0}
    - target: {fileID: 7041942185997927243, guid: 8db4af41708c18a4288e6f31bfd1a58a, type: 3}
      propertyPath: finalBottomRightTextBounds.x
      value: 143.66666
      objectReference: {fileID: 0}
    - target: {fileID: 7041942185997927243, guid: 8db4af41708c18a4288e6f31bfd1a58a, type: 3}
      propertyPath: finalBottomRightTextBounds.y
      value: 14
      objectReference: {fileID: 0}
    - target: {fileID: 7041942185997927243, guid: 8db4af41708c18a4288e6f31bfd1a58a, type: 3}
      propertyPath: unwrappedBottomRightTextBounds.x
      value: 24
      objectReference: {fileID: 0}
    - target: {fileID: 7162627160637882573, guid: 8db4af41708c18a4288e6f31bfd1a58a, type: 3}
      propertyPath: quality
      value: 18
      objectReference: {fileID: 0}
    - target: {fileID: 7162627160637882573, guid: 8db4af41708c18a4288e6f31bfd1a58a, type: 3}
      propertyPath: _color.b
      value: 0.20392157
      objectReference: {fileID: 0}
    - target: {fileID: 7162627160637882573, guid: 8db4af41708c18a4288e6f31bfd1a58a, type: 3}
      propertyPath: _color.g
      value: 0.3137255
      objectReference: {fileID: 0}
    - target: {fileID: 7162627160637882573, guid: 8db4af41708c18a4288e6f31bfd1a58a, type: 3}
      propertyPath: _color.r
      value: 0.45882353
      objectReference: {fileID: 0}
    - target: {fileID: 7162627160637882573, guid: 8db4af41708c18a4288e6f31bfd1a58a, type: 3}
      propertyPath: textMesh
      value: 
      objectReference: {fileID: 0}
    - target: {fileID: 7162627160637882573, guid: 8db4af41708c18a4288e6f31bfd1a58a, type: 3}
      propertyPath: centerBounds.x
      value: 50.866592
      objectReference: {fileID: 0}
    - target: {fileID: 7162627160637882573, guid: 8db4af41708c18a4288e6f31bfd1a58a, type: 3}
      propertyPath: centerBounds.y
      value: -24.333344
      objectReference: {fileID: 0}
    - target: {fileID: 7162627160637882573, guid: 8db4af41708c18a4288e6f31bfd1a58a, type: 3}
      propertyPath: topLeftBounds.x
      value: -39.133423
      objectReference: {fileID: 0}
    - target: {fileID: 7162627160637882573, guid: 8db4af41708c18a4288e6f31bfd1a58a, type: 3}
      propertyPath: topLeftBounds.y
      value: -13.3333435
      objectReference: {fileID: 0}
    - target: {fileID: 7162627160637882573, guid: 8db4af41708c18a4288e6f31bfd1a58a, type: 3}
      propertyPath: topRightBounds.x
      value: 140.86661
      objectReference: {fileID: 0}
    - target: {fileID: 7162627160637882573, guid: 8db4af41708c18a4288e6f31bfd1a58a, type: 3}
      propertyPath: topRightBounds.y
      value: -13.3333435
      objectReference: {fileID: 0}
    - target: {fileID: 7162627160637882573, guid: 8db4af41708c18a4288e6f31bfd1a58a, type: 3}
      propertyPath: bottomLeftBounds.x
      value: -39.133423
      objectReference: {fileID: 0}
    - target: {fileID: 7162627160637882573, guid: 8db4af41708c18a4288e6f31bfd1a58a, type: 3}
      propertyPath: bottomLeftBounds.y
      value: -35.333344
      objectReference: {fileID: 0}
    - target: {fileID: 7162627160637882573, guid: 8db4af41708c18a4288e6f31bfd1a58a, type: 3}
      propertyPath: centerTextBounds.x
      value: -31.133423
      objectReference: {fileID: 0}
    - target: {fileID: 7162627160637882573, guid: 8db4af41708c18a4288e6f31bfd1a58a, type: 3}
      propertyPath: centerTextBounds.y
      value: -22.333344
      objectReference: {fileID: 0}
    - target: {fileID: 7162627160637882573, guid: 8db4af41708c18a4288e6f31bfd1a58a, type: 3}
      propertyPath: rawTopLeftBounds.x
      value: 0
      objectReference: {fileID: 0}
    - target: {fileID: 7162627160637882573, guid: 8db4af41708c18a4288e6f31bfd1a58a, type: 3}
      propertyPath: rawTopLeftBounds.y
      value: -33
      objectReference: {fileID: 0}
    - target: {fileID: 7162627160637882573, guid: 8db4af41708c18a4288e6f31bfd1a58a, type: 3}
      propertyPath: bottomRightBounds.x
      value: 140.86661
      objectReference: {fileID: 0}
    - target: {fileID: 7162627160637882573, guid: 8db4af41708c18a4288e6f31bfd1a58a, type: 3}
      propertyPath: bottomRightBounds.y
      value: -35.333344
      objectReference: {fileID: 0}
    - target: {fileID: 7162627160637882573, guid: 8db4af41708c18a4288e6f31bfd1a58a, type: 3}
      propertyPath: topLeftTextBounds.x
      value: -39.133423
      objectReference: {fileID: 0}
    - target: {fileID: 7162627160637882573, guid: 8db4af41708c18a4288e6f31bfd1a58a, type: 3}
      propertyPath: topLeftTextBounds.y
      value: -13.3333435
      objectReference: {fileID: 0}
    - target: {fileID: 7162627160637882573, guid: 8db4af41708c18a4288e6f31bfd1a58a, type: 3}
      propertyPath: topRightTextBounds.x
      value: -23.133423
      objectReference: {fileID: 0}
    - target: {fileID: 7162627160637882573, guid: 8db4af41708c18a4288e6f31bfd1a58a, type: 3}
      propertyPath: topRightTextBounds.y
      value: -13.3333435
      objectReference: {fileID: 0}
    - target: {fileID: 7162627160637882573, guid: 8db4af41708c18a4288e6f31bfd1a58a, type: 3}
      propertyPath: bottomLeftTextBounds.x
      value: -39.133423
      objectReference: {fileID: 0}
    - target: {fileID: 7162627160637882573, guid: 8db4af41708c18a4288e6f31bfd1a58a, type: 3}
      propertyPath: bottomLeftTextBounds.y
      value: -31.333344
      objectReference: {fileID: 0}
    - target: {fileID: 7162627160637882573, guid: 8db4af41708c18a4288e6f31bfd1a58a, type: 3}
      propertyPath: rawBottomRightBounds.x
      value: -270
      objectReference: {fileID: 0}
    - target: {fileID: 7162627160637882573, guid: 8db4af41708c18a4288e6f31bfd1a58a, type: 3}
      propertyPath: rawBottomRightBounds.y
      value: 0
      objectReference: {fileID: 0}
    - target: {fileID: 7162627160637882573, guid: 8db4af41708c18a4288e6f31bfd1a58a, type: 3}
      propertyPath: bottomRightTextBounds.x
      value: -23.133423
      objectReference: {fileID: 0}
    - target: {fileID: 7162627160637882573, guid: 8db4af41708c18a4288e6f31bfd1a58a, type: 3}
      propertyPath: bottomRightTextBounds.y
      value: -31.333344
      objectReference: {fileID: 0}
    - target: {fileID: 7162627160637882573, guid: 8db4af41708c18a4288e6f31bfd1a58a, type: 3}
      propertyPath: finalCenterTextBounds.x
      value: -31.133423
      objectReference: {fileID: 0}
    - target: {fileID: 7162627160637882573, guid: 8db4af41708c18a4288e6f31bfd1a58a, type: 3}
      propertyPath: finalCenterTextBounds.y
      value: -22.333344
      objectReference: {fileID: 0}
    - target: {fileID: 7162627160637882573, guid: 8db4af41708c18a4288e6f31bfd1a58a, type: 3}
      propertyPath: finalTopLeftTextBounds.x
      value: -39.133423
      objectReference: {fileID: 0}
    - target: {fileID: 7162627160637882573, guid: 8db4af41708c18a4288e6f31bfd1a58a, type: 3}
      propertyPath: finalTopLeftTextBounds.y
      value: -13.3333435
      objectReference: {fileID: 0}
    - target: {fileID: 7162627160637882573, guid: 8db4af41708c18a4288e6f31bfd1a58a, type: 3}
      propertyPath: info.Array.data[0].pos.x
      value: 0
      objectReference: {fileID: 0}
    - target: {fileID: 7162627160637882573, guid: 8db4af41708c18a4288e6f31bfd1a58a, type: 3}
      propertyPath: info.Array.data[0].pos.y
      value: 6
      objectReference: {fileID: 0}
    - target: {fileID: 7162627160637882573, guid: 8db4af41708c18a4288e6f31bfd1a58a, type: 3}
      propertyPath: info.Array.data[1].pos.x
      value: 12
      objectReference: {fileID: 0}
    - target: {fileID: 7162627160637882573, guid: 8db4af41708c18a4288e6f31bfd1a58a, type: 3}
      propertyPath: info.Array.data[1].pos.y
      value: 6
      objectReference: {fileID: 0}
    - target: {fileID: 7162627160637882573, guid: 8db4af41708c18a4288e6f31bfd1a58a, type: 3}
      propertyPath: finalTopRightTextBounds.x
      value: -23.133423
      objectReference: {fileID: 0}
    - target: {fileID: 7162627160637882573, guid: 8db4af41708c18a4288e6f31bfd1a58a, type: 3}
      propertyPath: finalTopRightTextBounds.y
      value: -13.3333435
      objectReference: {fileID: 0}
    - target: {fileID: 7162627160637882573, guid: 8db4af41708c18a4288e6f31bfd1a58a, type: 3}
      propertyPath: info.Array.data[0].chSize
      value: 18
      objectReference: {fileID: 0}
    - target: {fileID: 7162627160637882573, guid: 8db4af41708c18a4288e6f31bfd1a58a, type: 3}
      propertyPath: info.Array.data[1].chSize
      value: 18
      objectReference: {fileID: 0}
    - target: {fileID: 7162627160637882573, guid: 8db4af41708c18a4288e6f31bfd1a58a, type: 3}
      propertyPath: rawBottomRightTextBounds.x
      value: 24
      objectReference: {fileID: 0}
    - target: {fileID: 7162627160637882573, guid: 8db4af41708c18a4288e6f31bfd1a58a, type: 3}
      propertyPath: finalBottomLeftTextBounds.x
      value: -39.133423
      objectReference: {fileID: 0}
    - target: {fileID: 7162627160637882573, guid: 8db4af41708c18a4288e6f31bfd1a58a, type: 3}
      propertyPath: finalBottomLeftTextBounds.y
      value: -31.333344
      objectReference: {fileID: 0}
    - target: {fileID: 7162627160637882573, guid: 8db4af41708c18a4288e6f31bfd1a58a, type: 3}
      propertyPath: finalBottomRightTextBounds.x
      value: -23.133423
      objectReference: {fileID: 0}
    - target: {fileID: 7162627160637882573, guid: 8db4af41708c18a4288e6f31bfd1a58a, type: 3}
      propertyPath: finalBottomRightTextBounds.y
      value: -31.333344
      objectReference: {fileID: 0}
    - target: {fileID: 7162627160637882573, guid: 8db4af41708c18a4288e6f31bfd1a58a, type: 3}
      propertyPath: unwrappedBottomRightTextBounds.x
      value: 24
      objectReference: {fileID: 0}
    - target: {fileID: 8818801487237234073, guid: 8db4af41708c18a4288e6f31bfd1a58a, type: 3}
      propertyPath: m_AnchoredPosition.y
      value: -20
      objectReference: {fileID: 0}
    m_RemovedComponents: []
  m_SourcePrefab: {fileID: 100100000, guid: 8db4af41708c18a4288e6f31bfd1a58a, type: 3}
--- !u!1 &5287915491914968679 stripped
GameObject:
  m_CorrespondingSourceObject: {fileID: 3340721076508817213, guid: 8db4af41708c18a4288e6f31bfd1a58a, type: 3}
  m_PrefabInstance: {fileID: 7439615636031379802}
  m_PrefabAsset: {fileID: 0}
--- !u!224 &5287915491914968678 stripped
RectTransform:
  m_CorrespondingSourceObject: {fileID: 3340721076508817212, guid: 8db4af41708c18a4288e6f31bfd1a58a, type: 3}
  m_PrefabInstance: {fileID: 7439615636031379802}
  m_PrefabAsset: {fileID: 0}
--- !u!114 &5287915491914968673 stripped
MonoBehaviour:
  m_CorrespondingSourceObject: {fileID: 3340721076508817211, guid: 8db4af41708c18a4288e6f31bfd1a58a, type: 3}
  m_PrefabInstance: {fileID: 7439615636031379802}
  m_PrefabAsset: {fileID: 0}
  m_GameObject: {fileID: 5287915491914968679}
  m_Enabled: 1
  m_EditorHideFlags: 0
  m_Script: {fileID: 11500000, guid: 4e29b1a8efbd4b44bb3f3716e73f07ff, type: 3}
  m_Name: 
  m_EditorClassIdentifier: 
--- !u!114 &3281552169070038315 stripped
MonoBehaviour:
  m_CorrespondingSourceObject: {fileID: 5383131202062554225, guid: 8db4af41708c18a4288e6f31bfd1a58a, type: 3}
  m_PrefabInstance: {fileID: 7439615636031379802}
  m_PrefabAsset: {fileID: 0}
  m_GameObject: {fileID: 0}
  m_Enabled: 1
  m_EditorHideFlags: 0
  m_Script: {fileID: 11500000, guid: fe87c0e1cc204ed48ad3b37840f39efc, type: 3}
  m_Name: 
  m_EditorClassIdentifier: 
--- !u!114 &9087073182300046719 stripped
MonoBehaviour:
  m_CorrespondingSourceObject: {fileID: 1811880714143964197, guid: 8db4af41708c18a4288e6f31bfd1a58a, type: 3}
  m_PrefabInstance: {fileID: 7439615636031379802}
  m_PrefabAsset: {fileID: 0}
  m_GameObject: {fileID: 0}
  m_Enabled: 1
  m_EditorHideFlags: 0
  m_Script: {fileID: 11500000, guid: fe87c0e1cc204ed48ad3b37840f39efc, type: 3}
  m_Name: 
  m_EditorClassIdentifier: 
--- !u!114 &7724704354779615340 stripped
MonoBehaviour:
  m_CorrespondingSourceObject: {fileID: 868485199059142966, guid: 8db4af41708c18a4288e6f31bfd1a58a, type: 3}
  m_PrefabInstance: {fileID: 7439615636031379802}
  m_PrefabAsset: {fileID: 0}
  m_GameObject: {fileID: 0}
  m_Enabled: 1
  m_EditorHideFlags: 0
  m_Script: {fileID: 11500000, guid: 0ffcfb6d0266347848bf69a03919f483, type: 3}
  m_Name: 
  m_EditorClassIdentifier: 
--- !u!114 &2775884964815856007 stripped
MonoBehaviour:
  m_CorrespondingSourceObject: {fileID: 4736449432523241693, guid: 8db4af41708c18a4288e6f31bfd1a58a, type: 3}
  m_PrefabInstance: {fileID: 7439615636031379802}
  m_PrefabAsset: {fileID: 0}
  m_GameObject: {fileID: 0}
  m_Enabled: 1
  m_EditorHideFlags: 0
  m_Script: {fileID: 11500000, guid: 0ffcfb6d0266347848bf69a03919f483, type: 3}
  m_Name: 
  m_EditorClassIdentifier: 
--- !u!114 &9156156705134069860 stripped
MonoBehaviour:
  m_CorrespondingSourceObject: {fileID: 1742865577099415870, guid: 8db4af41708c18a4288e6f31bfd1a58a, type: 3}
  m_PrefabInstance: {fileID: 7439615636031379802}
  m_PrefabAsset: {fileID: 0}
  m_GameObject: {fileID: 0}
  m_Enabled: 1
  m_EditorHideFlags: 0
  m_Script: {fileID: 11500000, guid: fe87c0e1cc204ed48ad3b37840f39efc, type: 3}
  m_Name: 
  m_EditorClassIdentifier: 
--- !u!114 &7942533633817241457 stripped
MonoBehaviour:
  m_CorrespondingSourceObject: {fileID: 650593413205556779, guid: 8db4af41708c18a4288e6f31bfd1a58a, type: 3}
  m_PrefabInstance: {fileID: 7439615636031379802}
  m_PrefabAsset: {fileID: 0}
  m_GameObject: {fileID: 0}
  m_Enabled: 1
  m_EditorHideFlags: 0
  m_Script: {fileID: 11500000, guid: fe87c0e1cc204ed48ad3b37840f39efc, type: 3}
  m_Name: 
  m_EditorClassIdentifier: 
--- !u!114 &469731273186286097 stripped
MonoBehaviour:
  m_CorrespondingSourceObject: {fileID: 7041942185997927243, guid: 8db4af41708c18a4288e6f31bfd1a58a, type: 3}
  m_PrefabInstance: {fileID: 7439615636031379802}
  m_PrefabAsset: {fileID: 0}
  m_GameObject: {fileID: 0}
  m_Enabled: 1
  m_EditorHideFlags: 0
  m_Script: {fileID: 11500000, guid: 0ffcfb6d0266347848bf69a03919f483, type: 3}
  m_Name: 
  m_EditorClassIdentifier: 
--- !u!114 &6077947956744098776 stripped
MonoBehaviour:
  m_CorrespondingSourceObject: {fileID: 3704182620768995970, guid: 8db4af41708c18a4288e6f31bfd1a58a, type: 3}
  m_PrefabInstance: {fileID: 7439615636031379802}
  m_PrefabAsset: {fileID: 0}
  m_GameObject: {fileID: 0}
  m_Enabled: 1
  m_EditorHideFlags: 0
  m_Script: {fileID: 11500000, guid: 0ffcfb6d0266347848bf69a03919f483, type: 3}
  m_Name: 
  m_EditorClassIdentifier: 
--- !u!114 &316110190564173518 stripped
MonoBehaviour:
  m_CorrespondingSourceObject: {fileID: 7160124767216009108, guid: 8db4af41708c18a4288e6f31bfd1a58a, type: 3}
  m_PrefabInstance: {fileID: 7439615636031379802}
  m_PrefabAsset: {fileID: 0}
  m_GameObject: {fileID: 0}
  m_Enabled: 1
  m_EditorHideFlags: 0
  m_Script: {fileID: 11500000, guid: fe87c0e1cc204ed48ad3b37840f39efc, type: 3}
  m_Name: 
  m_EditorClassIdentifier: 
--- !u!114 &313018268857489815 stripped
MonoBehaviour:
  m_CorrespondingSourceObject: {fileID: 7162627160637882573, guid: 8db4af41708c18a4288e6f31bfd1a58a, type: 3}
  m_PrefabInstance: {fileID: 7439615636031379802}
  m_PrefabAsset: {fileID: 0}
  m_GameObject: {fileID: 0}
  m_Enabled: 1
  m_EditorHideFlags: 0
  m_Script: {fileID: 11500000, guid: 0ffcfb6d0266347848bf69a03919f483, type: 3}
  m_Name: 
  m_EditorClassIdentifier: 
